3459 5050
1784 298 1817 363 7

1607 374 2032 381 -.-———--——-

524 492 827 574 Dionysii·
852 495 1251 575 praefatione
1284 498 1365 558 ad
1398 496 1549 577 Lys.
1585 496 1881 570 XXXIV,
1931 505 1996 579 et
2042 505 2236 569 certe,
2286 497 2538 560 etiamsi
2585 517 2937 579 numquam
2999 497 3109 559 do-

525 603 942 669 minationem
1002 606 1229 668 iterum
1301 625 1679 688 recuperare
1741 616 1963 688 aperte
2021 608 2237 701 conati
2293 617 2462 683 sunt,
2532 629 2664 691 qua
2753 610 2836 671 de
2910 628 3108 671 causa

522 716 871 797 scriptores
918 715 1071 778 nihil
1118 718 1199 779 de
1246 718 1337 779 eis
1383 719 1664 791 tradunt,
1715 727 2137 800 speraverunt
2202 718 2359 791 fore,
2426 728 2496 781 ut
2558 720 2882 783 discordia
2942 720 3108 782 inter

522 828 756 890 civium
802 837 1017 911 partes
1066 829 1225 891 duas
1274 828 1714 892 reconciliatas
1759 837 1900 890 orta
1932 829 2158 891 civitas
2208 830 2441 892 iterum
2501 829 2891 894 turbaretur.
2983 830 3105 891 Ita-

521 960 649 1020 que
696 941 778 1002 de
824 940 916 1002 eis
964 941 1323 1003 rectissime
1370 939 1586 1002 omnia
1632 949 1850 1003 orator
1894 940 2107 1002 dicere
2142 940 2374 1022 potuit,
2412 960 2578 1022 quae
2628 940 2801 1015 dicit,
2850 948 2915 1004 et
2946 949 3103 1014 erat,

522 1050 700 1131 quod
763 1069 988 1112 eorum
1055 1051 1246 1124 οἰνος,
1323 1051 1432 1132 qui
1500 1051 1785 1112 iudicum
1857 1069 2122 1113 munere
2182 1050 2633 1131 fungebantur,
2703 1051 3106 1113 admoneret.

523 1157 664 1222 Hac
724 1161 952 1223 eadem
1010 1162 1327 1223 sententia
1384 1163 1425 1241 ξ
1486 1178 1519 1240 3
1586 1161 1774 1225 dicit:
1850 1152 2062 1226 »οὕτω
2122 1157 2246 1244 γὰρ
2314 1153 2395 1223 ἂν
2457 1172 2594 1235 τοῖς
2669 1158 3109 1244 καθεστηκόσι

519 1267 847 1353 πράγμασι
894 1273 1239 1346 πλείστους
1282 1270 1652 1354 συμμάχους
1697 1267 1963 1354 ἔχοιτει.

734 1380 1083 1464 Postquam
1152 1383 1242 1444 sic
1314 1383 1902 1447 demonstravimus
1972 1402 2056 1443 ex
2120 1381 2222 1445 his
2287 1382 2462 1456 lociS,
2534 1382 2768 1465 quibus
2833 1380 3107 1446 Grosser

507 1490 832 1572 ,imprimis
883 1493 1056 1554 nisus
1103 1501 1219 1565 est,
1271 1488 1679 1574 nequaquam
1713 1493 1966 1556 elucere
1999 1492 2166 1555 hanc
2199 1494 2560 1556 orationem
2604 1493 2894 1556 habitam
2941 1511 3102 1565 esse,

519 1609 869 1682 antequam
935 1601 1187 1664 Eleusis
1249 1584 1751 1685 recuperaretur,
1820 1612 2035 1676 restat,
2102 1612 2171 1664 ut
2229 1603 2469 1685 reliqua
2529 1604 2664 1666 eius
2727 1612 3107 1684 argumenta

520 1711 773 1773 minora
826 1711 1205 1778 refellamus,
1314 1711 1525 1774 Affert
1571 1732 1690 1794 pro
1751 1734 1868 1776 sua
1929 1713 2248 1776 sententia
2310 1712 2791 1798 paragraphum
2856 1725 2909 1791 5,
2971 1732 3104 1794 quo

519 1820 666 1884 loco
713 1842 798 1884 eo
846 1823 1058 1885 minus
1102 1818 1213 1885 niti
1274 1824 1331 1885 ei
1393 1821 1559 1896 licet,
1625 1824 1775 1904 quia
1834 1822 1998 1886 haec
2060 1824 2380 1886 sententia
2439 1833 2552 1886 aut
2612 1845 2745 1887 non
2805 1842 2958 1885 sana
3006 1831 3106 1884 est

520 1941 631 1995 aut
676 1931 905 1996 saltem
952 1934 1116 1996 inter
1162 1932 1742 2013 inelegantissirnas
1790 1934 2206 2010 numeranda,
2257 1954 2426 2017 quae
2472 1954 2777 2016 umquam
2823 1954 2861 1996 a
2908 1933 3106 2014 Lysia

520 2040 851 2123 profectae
898 2053 1065 2117 sunt,
1117 2063 1263 2107 nam
1312 2044 1673 2106 sententiae
1722 2043 2185 2106 condicionalis
2216 2052 2369 2127 post
2414 2045 2688 2126 primam
2735 2043 3102 2126 apodoseos

518 2160 786 2232 partem.
818 2162 1162 2241 tantopere
1207 2153 1622 2227 obliviscitur,
1676 2164 1746 2217 ut
1812 2152 2026 2238 »εἴπερ
2072 2152 2387 2218 ἐᾶύναντο
2445 2151 2506 2217 οἱ
2566 2154 2917 2238 κατήγοροι
2978 2151 3089 2240 ἰδίι

516 2280 593 2341 με
654 2254 1006 2325 ἀδικοῦντα
1068 2258 1402 2344 ἐξελέγξαι,
1457 2259 1577 2327 οὐκ
1638 2259 1722 2328 ἂν
1767 2260 1853 2329 τὰ
1897 2271 2034 2330 τῶν
2078 2263 2436 2348 τριάκοντα
2480 2259 2907 2348 ἁμαρτήματα
2951 2261 3105 2346 ἐμοῦ

516 2366 945 2452 κατηγόρουν,
980 2365 1114 2434 οὐδ’
1158 2362 1239 2434 ἂν
1270 2365 1484 2454 ᾠόντο
1525 2377 1759 2460 χρῆναι
1804 2369 1970 2459 ὑπὲρ
2010 2381 2149 2439 τῶν
2177 2372 2445 2450 ἐκείνοις
2475 2373 2952 2459 πεπραγμένων
2978 2368 3104 2437 ἑτέ-

519 2500 674 2563 ρους
720 2478 1107 2561 διαβάλλειν,
1156 2478 1303 2547 οἰλλ>
1344 2480 1586 2560 αὐτοὺς
1641 2483 1797 2559 τοὺς
1865 2481 2253 2561 ἀδικοῦντας
2311 2489 2774 2570 τιμωρεῖσθαι(
2841 2485 2925 2549 sit
2967 2504 3102 2548 sen·

516 2590 718 2653 tentia
763 2592 1165 2674 ineptissima
1210 2604 1274 2657 et
1319 2595 1516 2677 Lysia
1562 2596 1669 2658 vix
1714 2597 1926 2677 digna.
2019 2596 2294 2679 Collegit
2339 2606 2556 2660 autem
2621 2617 2705 2660 ex
2765 2595 2865 2658 his
2913 2593 3103 2658 Gros-

519 2721 622 2764 ser
664 2703 877 2764 verbis
946 2700 1221 2779 »αὐτοὺς
1290 2704 1446 2781 τοὺς
1531 2702 1958 2781 ἀδικοῦντας(
2025 2708 2340 2790 imprimis
2423 2707 2857 2789 trigintaviros
2917 2706 3105 2788 signi-

517 2811 692 2877 ficari
741 2833 981 2897 eosque
1039 2818 1307 2879 verbum
1386 2820 1884 2900 »τιμωρεῖσθαιει
1951 2817 2186 2880 docere
2247 2818 2536 2882 nondum
2607 2819 2867 2901 punitos
2939 2838 3099 2891 esse,

519 2924 694 3006 quod
726 2924 1029 2989 Eleusine
1060 2936 1252 3010 capta
1284 2927 1525 2990 factum
1573 2948 1732 2990 esse.
1810 2926 1960 3001 Sed,
1998 2947 2393 3011 quamquam
2429 2940 2619 2994 antea
2661 2928 2721 2994 οἱ
2749 2928 3107 3014 τριάκοντα

516 3044 827 3098 vocantur
870 3044 935 3100 et
980 3038 1182 3100 verbo
1235 3036 1575 3114 ›ssxeivocg‹
1628 3051 2090 3115 monstrantur,
2139 3050 2360 3104 tamen
2406 3037 2812 3104 haec‘verba
2859 3041 2942 3104 ad
2970 3052 3104 3103 ‘eos

517 3144 732 3208 referri
776 3167 908 3209 non
956 3158 1246 3230 possunt,
1293 3170 1440 3213 nam
1510 3171 1545 3212 e
1605 3160 1915 3214 contextu
1974 3152 2438 3214 sententiarum
2501 3160 2775 3234 apparet
2833 3151 3105 3213 verbum

526 3260 985 3341 »τιμωρεῖσθαι
998 3282 1050 3335 ε,
1113 3259 1276 3322 sicut
1338 3261 1399 3323 in
1463 3264 1504 3342 ξ
1554 3274 1669 3341 35:
1725 3259 1918 3336 »τοὺς
1962 3261 2159 3345 μηδὲν
2203 3261 2452 3337 αἰτίους
2497 3260 2565 3346 ἐξ
2609 3259 2751 3327 ἰ’σου
2797 3273 2934 3336 τοῖς
2977 3255 3102 3325 ἀδι-

517 3374 703 3430 κοῦσι
747 3367 1279 3451 τιμωρούμενοια,
1329 3371 1572 3434 dictum
1620 3392 1761 3434 esse
1818 3372 1900 3433 de
1963 3373 2195 3434 eadem
2241 3392 2470 3454 poena,
2520 3393 2649 3453 qua
2695 3381 3104 3435 accusatores

519 3497 699 3539 reum
763 3488 1056 3541 nostrum
1123 3489 1188 3542 et
1252 3481 1381 3542 iam
1412 3480 1730 3544 ‘afficiunt
1786 3492 1852 3545 et
1914 3481 2166 3545 afficere
2237 3483 2483 3557 volunt,
2555 3483 2636 3545 de
2695 3481 3107 3544 accusatione

519 3592 585 3645 et
630 3584 1064 3649 damnatione.
1155 3588 1466 3653 Accusari
1500 3600 1717 3654 autem
1753 3612 1961 3675 neque
2008 3598 2311 3675 poterant
2341 3590 2740 3671 trigintaviri,
2793 3572 3101 3671 quamdiu

516 3692 814 3758 Eleusine
861 3707 1062 3772 erant,
1110 3719 1338 3782 neque,
1385 3711 1735 3784 postquam
1768 3704 1916 3766 inde
1947 3702 2270 3784 fugerunt.
2352 3702 2568 3783 Quam
2616 3702 2704 3764 ob
2753 3721 2889 3763 rem
2939 3699 3103 3762 haec

515 3805 715 3867 verba
760 3806 1093 3872 referenda
1139 3820 1288 3873 sunt
1332 3812 1415 3874 ad
1464 3816 1812 3894 optimates
1861 3823 2189 3889 nocentes,
2243 3815 2352 3896 qui
2398 3823 2537 3876 tum
2586 3812 2862 3875 Athenis
2895 3819 3101 3875 erant.

514 3914 739 3979 Fuisse
786 3927 1003 3981 autem
1048 3928 1184 3982 tum
1234 3921 1510 3985 Athenis
1543 3924 1912 4006 optimates,
1964 3926 2073 4007 qui
2127 3925 2399 3989 oratoris
2445 3924 2769 3987 sententia
2816 3929 2989 3985 recte
3036 3921 3105 3983 in

516 4026 818 4089 iudicium
868 4031 1083 4092 vocari
1128 4042 1414 4114 possent,
1459 4034 1615 4096 satis
1661 4036 1948 4098 ostendit
1992 4039 2033 4117 ξ
2084 4049 2184 4116 35,
2235 4057 2363 4118 qua
2409 4035 2640 4098 eadem
2686 4029 3102 4116 paragrapho

515 4135 824 4202 docemur
868 4140 1039 4203 hunc
1086 4143 1403 4205 urbanum
1434 4164 1560 4206 non
1595 4145 1990 4208 dubitavisse
2022 4156 2290 4220 ceter05‚
2332 4146 2437 4227 qui
2480 4145 2771 4208 eiusdem
2806 4141 3101 4207 factionis

514 4245 781 4323 fuerant,
833 4251 1129 4314 deserere
1178 4262 1243 4315 et
1287 4254 1579 4333 prodere,
1627 4256 1989 4318 dummodo
2020 4258 2159 4339 ipse
2203 4264 2580 4321 servaretur.
2685 4253 2914 4334 Neque
2947 4253 3101 4334 neg-

515 4360 861 4442 legendum
910 4362 1062 4424 mihi
1106 4363 1359 4426 videtur
1402 4365 1683 4428 Athenis
1729 4366 1884 4449 ipsis
1931 4368 2097 4429 duos
2145 4389 2180 4431 e
2226 4366 2647 4448 trigintaviris
2691 4373 2832 4427 tum
2880 4362 3098 4438 fuisse,

512 4470 1010 4536 Eratosthenem
1059 4483 1124 4536 et
1168 4475 1542 4539 Phidonem.
1638 4474 1757 4539 Cui
1804 4479 2166 4541 sententiae
2215 4498 2345 4541 non
2380 4475 2828 4556 obloquuntur
2871 4473 3099 4548 verba,
