3459 5050
1871 318 1957 398 42

836 526 1092 619 Eodem
1137 544 1357 596 autem
1406 534 1606 597 modo
1652 544 1849 617 atque
1895 534 2022 596 hoc
2065 533 2212 596 loco
2243 531 2524 593 Iustinus
2571 531 2796 612 paucis
2842 530 3022 592 lineis
3049 536 3223 612 post

623 644 895 705 verbum
956 645 1250 717 ›iubere‹
1304 644 1462 707 falso
1494 644 1778 718 adhibet,
1828 664 1975 705 cum
2026 643 2216 708 dicit:
2272 640 2609 723 »populuS,
2662 661 2857 723 quem
2905 643 3221 721 emigrare

625 755 957 828 iusserant,
1008 755 1071 816 in
1116 756 1343 817 urbem
1392 739 1798 827 revocatur«,
1851 774 2001 817 nam
2051 753 2232 815 verbi
2265 753 2578 814 iusserant
2608 752 2993 827 subiectum,
3039 751 3219 832 quod

624 873 926 938 vocatur,
981 885 1111 926 non
1169 863 1580 945 intellegendi
1643 873 1795 926 sunt
1838 863 2127 945 tyranni,
2191 848 2498 944 quoniam
2547 862 2639 935 ei,
2703 862 2811 943 qui
2877 863 2963 923 ab
3009 860 3109 923 his
3154 861 3216 921 in

623 974 916 1036 exsilium
964 974 1142 1037 missi
1191 984 1405 1048 erant,
1478 974 1604 1035 iam
1650 983 2070 1046 reverterant,
2134 973 2217 1035 de
2274 973 2365 1035 eis
2414 982 2667 1046 autem,
2720 973 2827 1055 qui
2873 982 3217 1053 tyrrannos

622 1084 927 1175 Eleusina
971 1087 1188 1148 statim
1237 1085 1442 1147 secuti
1491 1093 1701 1156 erant,
1765 1085 2014 1146 etiamsi
2067 1081 2341 1145 Grosser
2404 1083 2486 1145 de
2533 1083 2770 1165 Lysiae
2830 1084 3044 1145 verbis
3093 1082 3217 1143 lau-

625 1195 793 1256 datis
842 1204 1031 1257 recte
1078 1196 1569 1277 disputavisset,
1633 1215 1765 1255 non
1825 1194 2052 1256 melius
2101 1195 2459 1275 cogitatur,
2511 1196 2661 1276 quia
2707 1194 2771 1256 hi
2815 1214 2946 1256 non
2993 1213 3217 1259 eorum

622 1305 796 1369 iussu
842 1306 963 1367 sed
1010 1326 1126 1368 sua
1168 1315 1405 1388 sponte
1450 1324 1565 1366 eos
1610 1304 1814 1366 secuti
1862 1315 2061 1367 erant.
2159 1305 2317 1366 Mihi
2364 1305 2626 1386 quidem
2674 1303 3217 1387 simplicissimum

551 1437 554 1439 ’
620 1415 899 1495 videtur⁴
930 1417 1111 1478 verbi
1168 1417 1558 1477 ›iusserant‹
1633 1415 1999 1477 subiectum
2064 1414 2438 1497 intellegere
2487 1437 2630 1491 005,
2685 1436 2729 1478 ,3
2776 1417 3011 1498 quibus
3069 1435 3216 1496 »po-

628 1525 818 1608 pulus
875 1534 1277 1599 revocatur«,
1330 1536 1396 1589 et
1458 1534 1742 1587 statuere
1808 1525 2124 1587 Iustinum
2191 1526 2315 1588 hoc
2375 1525 2519 1588 loco
2590 1527 2868 1589 eundem
2938 1545 3217 1587 errorem

621 1635 976 1710 admisisse,
1026 1656 1224 1717 quem
1279 1656 1493 1714 supra,
1521 1645 1613 1724 'et
1654 1635 1971 1723 populum
2018 1635 2145 1698 hoc
2191 1635 2338 1698 loco
2384 1637 2696 1698 nominari
2744 1657 2859 1698 eos
2908 1637 3210 1706 urbanos,

623 1746 730 1827 qui
778 1745 883 1807 illa
930 1747 1110 1825 pacis
1152 1729 1539 1809 condicione
1588 1746 1685 1807 usi
1730 1745 2035 1808 Eleusina
2083 1747 2546 1828 migraverant,
2617 1767 2891 1827 quorum
2940 1746 3218 1808 lustinus

621 1866 883 1937 praeter
928 1857 1330 1919 decemviros
1376 1859 1658 1918 urbanos
1690 1857 2014 1918 neminem
2046 1858 2601 1931 commemoravit,
2655 1858 2762 1939 qui
2811 1856 2943 1920 fere
2992 1875 3219 1918 omnes

622 1975 775 2028 tunc
822 1966 1098 2029 ducibus
1145 1967 1494 2030 interfectis
1544 1967 1608 2028 in
1655 1967 1883 2028 urbem
1933 1967 2279 2034 redierunt.

835 2075 871 2158 ξ
912 2089 1022 2155 Ι15.
1095 2076 1329 2140 Narrat
1363 2077 1598 2140 deinde
1628 2076 2001 2161 Xenophon
2033 2077 2423 2140 Pausaniam
2472 2079 2831 2141 exercitum
2881 2077 3215 2144 dimisisse.

624 2185 881 2248 exsules
929 2187 1152 2248 urbem
1200 2187 1536 2250 intravisse
1584 2198 1649 2249 et
1693 2189 1757 2249 in
1801 2209 2015 2251 arcem
2050 2190 2438 2263 ascendisse,
2487 2198 2839 2270 postquam
2887 2189 3033 2250 inde
3084 2188 3216 2250 des-

622 2295 991 2359 cendissent
1037 2295 1521 2379 Thrasybulum
1586 2300 1948 2362 orationem
1995 2301 2338 2373 habuisse,
2398 2300 2578 2381 quod
2625 2301 2688 2361 in
2736 2300 3039 2361 contione
3088 2319 3220 2360 om·

610 2407 801 2482 ,nium
846 2406 1084 2469 civium
1132 2406 1379 2470 factum
1422 2428 1563 2483 esse
1612 2418 1677 2470 et
1724 2411 1933 2472 oratio
1980 2411 2119 2492 ipsa
2152 2410 2438 2472 ostendit
2486 2420 2550 2472 et
2594 2414 2810 2489 verba,
2862 2430 3029 2490 quae
3077 2430 3221 2471 eam

622 2526 1011 2610 sequuntur:
1091 2513 1438 2603 »ἀνέστησε
1483 2517 1609 2603 τὴν
1653 2517 2062 2604 ἐκκλησίαυ«.
2152 2521 2295 2583 Η30
2351 2523 2655 2585 contione
2704 2519 2979 2583 Grosser
3023 2541 3087 2602 p.
3147 2537 3214 2599 13

626 2628 822 2690 docet
872 2629 1273 2691 amnestiam
1347 2630 1676 2693 decretam
1741 2639 1806 2691 et
1869 2633 2159 2693 omnium
2228 2632 2637 2694 iureiurando
2706 2641 2999 2694 sanctam
3059 2651 3220 2695 esse.

625 2737 759 2800 Sed
805 2736 932 2799 1100
980 2739 1118 2820 ipse
1165 2750 1573 2801 commentus
1606 2750 1723 2814 est,
1776 2762 1923 2803 cum
1959 2763 2167 2823 neque
2198 2742 2569 2824 Xenophon
2619 2763 2828 2824 neque
2879 2744 3220 2822 quisquam

633 2848 791 2924 alius
822 2849 966 2910 talis
999 2851 1086 2911 rei
1120 2850 1515 2911 mentionem
1549 2849 1759 2916 faciat.
1832 2851 2017 2914 Haec
2050 2874 2312 2934 quoque
2346 2855 2691 2933 arbitratur
2712 2829 3224 2935 Xenophontem

634 2959 1027 3033 narravisse,
1100 2961 1598 3041 epitomatorem
1669 2963 1985 3030 omisisse.
2098 2964 2307 3025 Huius
2372 2964 2696 3046 opinionis
2765 2973 3221 3044 argumentum

631 3069 754 3130 sibi
798 3069 1048 3131 videtur
1095 3070 1412 3133 invenisse
1461 3072 1524 3132 in
1572 3092 1671 3145 e0‚
1722 3074 1901 3155 quod
1942 3074 2390 3155 Thrasybulus
2439 3077 2474 3158 ἓ
2521 3093 2603 3151 42
2654 3076 2870 3137 verbis
2914 3076 3040 3136 iam
3081 3073 3221 3136 alla-

632 3178 1163 3266 tis'iurisiurandi
1212 3163 1344 3241 dati
1391 3201 1545 3243 suos
1612 3183 2175 3251 commonefaciat.
2271 3184 2402 3247 Sed
2449 3187 2573 3248 iam
2637 3186 3223 3248 demonstravimus

633 3288 696 3368 (ἓ
753 3291 850 3372 14)
909 3287 1069 3351 haec
1131 3291 1333 3352 verba
1390 3291 1821 3373 intellegenda
1881 3315 2023 3355 esse
2077 3295 2159 3356 de
2224 3295 2631 3358 iureiurando
2693 3306 2843 3358 ante
2913 3300 3217 3358 exsulum

629 3398 906 3462 reditum
952 3399 1125 3463 dato,
1221 3399 1674 3483 Xenophontis
1736 3413 1953 3466 autem
2018 3405 2228 3466 oratio
2287 3405 2415 3467 iam
2478 3407 2716 3469 idcirco
2799 3417 3098 3488 correpta
3162 3405 3222 3465 ei

630 3510 917 3583 videtur,
995 3510 1171 3592 quod
1233 3513 1450 3574 contio
1504 3525 1867 3576 convocata
1928 3535 2069 3577 esse
2128 3537 2259 3577 11011
2308 3518 2543 3579 diserte
2593 3517 2862 3590 dicatur,
2902 3516 3017 3578 sed
3069 3536 3218 3578 con·

550 3623 553 3626 ’
632 3629 930 3683 vocatam
991 3641 1136 3683 eam
1204 3641 1345 3718 esse
1407 3644 1443 3685 e
1509 3643 1807 3710 connexu
1870 3626 2332 3687 sententiarum
2392 3627 2551 3688 satis
2613 3627 2823 3689 elucet
2885 3636 2952 3689 et
3011 3627 3225 3689 Xeno·

632 3731 944 3812 phontem
978 3731 1210 3813 ipsum,
1246 3753 1441 3814 quem
1475 3726 1919 3798 110111110111101·
1953 3756 2050 3798 105
2084 3738 2438 3798 narravisse
2479 3757 2609 3799 non
2657 3747 2930 3811 00115131,
2984 3739 3228 3799 diserte

630 3840 756 3903 hoc
803 3842 1042 3903 dixisse
1085 3863 1121 3903 e
1155 3863 1455 3905 connexu
1489 3845 1954 3907 sententiarum
1987 3868 2108 3928 pro
2142 3856 2320 3908 certo
2354 3848 2780 3910 demonstrari
2815 3868 2945 3909 non
2978 3857 3220 3930 potest,

633 3972 783 4013 nam
829 3951 1190 4014 sufficiebat
1236 3974 1521 4015 narrare:
1571 3956 1655 4017 ab
1703 3976 1849 4017 arce
1891 3957 2382 4031 descenderunt,
2431 3959 2669 4020 scilicet
2716 3960 2778 4020 in
2825 3959 3061 4038 Pycna‚
3113 3958 3226 4019 ubi

631 4081 893 4144 semper
937 4064 1273 4125 contiones
1306 4073 1487 4126 erant
1534 4054 1599 4126 et
1643 4066 1969 4128 orationes
2014 4068 2438 4142 habebantur,
2492 4079 2557 4132 et
2599 4080 2740 4133 tum
2774 4064 3228 4149 Thrasybulus

632 4170 798 4233 hanc
860 4172 1091 4234 habuit
1161 4175 1542 4241 orationem.
1638 4176 1787 4256 Qua
1846 4179 1927 4239 de
1997 4199 2194 4240 causa
2256 4185 2402 4241 cum
2472 4181 2791 4242 sententia
2860 4180 2941 4241 sit
3011 4179 3224 4261 plena,

631 4302 1030 4363 quamquam
1076 4284 1442 4347 breviorem
1489 4306 1634 4348 eam
1683 4307 1827 4349 esse
1874 4289 2096 4369 negari
2141 4307 2273 4351 non
2317 4298 2569 4370 potest,
2632 4300 2849 4352 tamen
2899 4289 3227 4352 enunciati

630 4392 831 4454 verba
875 4392 1045 4474 ipsa,
1111 4414 1277 4475 quae
1323 4396 1440 4457 nisi
1491 4397 1708 4457 verbis
1763 4394 1862 4460 »οἱ
1911 4400 2294 4481 στρατηγοί«
2351 4399 2576 4462 deletis
2625 4401 2792 4462 sicut
2839 4400 3040 4462 modo
3085 4419 3227 4461 sen·

629 4503 900 4566 tentiam
949 4507 1243 4592 exposui,
1295 4506 1596 4588 explicari
1644 4528 1775 4569 non
1821 4519 2116 4589 possunt,
2191 4508 2487 4572 lacunam
2537 4512 2852 4583 indicant,
2913 4510 2977 4572 id
3046 4510 3228 4591 quod
