3459 5050
1539 260 1621 334 65

299 476 453 559 quia
497 473 967 539 Eratosthenes
1013 472 1438 537 Theramenis
1486 473 1737 536 amicus
1784 471 1990 535 fuerat
2048 481 2119 569 et
2175 469 2409 534 deinde
2468 471 2897 552 trigintaviro·

301 605 442 647 rum
489 594 745 667 partem
794 584 1138 667 reliquerat
1185 591 1250 646 et
1296 586 1361 646 in
1409 585 1805 647 urbanorum
1852 603 2123 648 numero
2169 580 2552 656 habebatur,
2618 592 2689 645 et
2754 583 2909 662 quia

302 697 729 758 metuendum
778 704 933 768 erat,
987 715 1068 757 ne
1115 715 1248 777 pax
1294 695 1495 757 modo
1543 695 1839 757 restituta
1886 694 2014 756 iam
2080 693 2203 757 hac
2266 672 2459 760 causa
2521 694 2901 757 turbaretur.

298 806 523 870 Verba
568 817 790 870 autem
845 802 1272 889 »συγγνώμην
1317 806 1425 868 καὶ
1492 801 1713 869 ἔλεον(
1781 824 1909 866 non
1973 804 2257 867 indicare
2311 805 2700 867 amnestiam
2757 825 2907 867 cum
2962 798 2968 807 '

299 938 418 998 per
460 938 531 981 se
594 927 891 1001 apertum
955 924 1053 978 est
1117 924 1258 979 tum
1317 922 1699 995 comparato
1760 914 1906 977 loco
1964 914 2305 988 simillimo,
2370 914 2522 995 LyS.
2583 913 2739 977 XIV
2795 933 2901 993 40.

303 1027 481 1108 Quid
525 1029 590 1097 in
637 1031 679 1108 ξ
728 1010 830 1109 87*
860 1026 1246 1089 amnestiam
1297 1025 1581 1089 indicare
1628 1027 1865 1108 possit,
1916 1044 2046 1087 non
2101 1024 2427 1105 intellegO,
2491 1023 2905 1089 manifestum

301 1141 474 1202 enim
521 1139 678 1203 mihi
727 1159 870 1202 esse
919 1139 1175 1200 videtur
1219 1137 1423 1198 verba
1473 1132 1755 1211 »ἀόεῶςι
1809 1144 1876 1198 et
1929 1134 2439 1219 »ἑπιλήσμονας«
2492 1136 2587 1211 ἃᾶ,
2626 1156 2769 1199 eam
2813 1157 2904 1199 re·

297 1249 443 1314 ferri
493 1272 624 1314 non
674 1271 885 1335 posse.
980 1248 1419 1333 Opponuntur
1465 1248 1683 1328 potius
1734 1248 1899 1309 inter
1961 1266 2031 1308 se
2078 1266 2172 1319 ea,
2223 1265 2392 1326 quae
2437 1245 2902 1311 Eratosthenes

291 1373 359 1426 et
387 1364 523 1425 eius
567 1361 725 1425 socii
769 1381 937 1423 nunc
983 1360 1067 1422 ab
1098 1358 1609 1422 Atheniensibus
1656 1364 2056 1439 exspectant,
2095 1364 2162 1418 et
2192 1375 2290 1430 ea,
2341 1376 2508 1441 quae
2539 1364 2732 1420 antea
2768 1358 2891 1440 ipsi

300 1475 392 1536 eis
453 1471 758 1537 fecerunt.
855 1470 1189 1534 Sententia
1254 1469 1450 1549 igitur
1509 1467 1669 1530 haec
1729 1476 1861 1531 est:
1925 1475 2124 1530 testes
2184 1468 2456 1530 credunt
2515 1466 2707 1530 valde
2770 1487 2891 1530 vos

295 1585 714 1646 immemores
762 1601 1008 1654 eorum,
1057 1601 1227 1661 quae
1274 1577 1661 1660 trigintaviri
1708 1577 2018 1649 fecerunt,
2068 1586 2134 1640 et
2173 1579 2407 1640 inertes
2452 1597 2612 1655 esse,
2662 1577 2716 1639 si
2763 1597 2896 1640 non

298 1701 663 1757 metuentes
708 1699 974 1776 sperant
1019 1690 1175 1763 fore,
1227 1688 1751 1773 uttrigintaviri,
1803 1686 1911 1769 qui
1962 1689 2247 1751 maxima
2292 1687 2462 1751 mala
2505 1686 2693 1749 vobis
2724 1706 2904 1770 para-

295 1803 531 1877 verint,
622 1815 662 1864 a
733 1800 923 1863 vobis
995 1800 1430 1873 absolvantur,
1502 1797 1579 1861 cf.
1653 1799 1806 1880 LyS.
1878 1799 2160 1861 XXXIV
2229 1814 2286 1860 2.
2392 1799 2624 1881 Neque
2695 1798 2906 1881 magis

297 1912 524 1975 ullum-
563 1910 920 1974 amnestiae
988 1910 1293 1973 indicium
1364 1910 1530 1971 inest
1599 1908 2014 1991 paragrapho
2083 1909 2401 1991 sequenti,
2480 1928 2609 1989 qua
2676 1919 2898 1972 orator

297 2021 541 2084 iudices
606 2020 985 2083 adhortatur
1043 2021 1330 2104 quidem,
1399 2040 1479 2082 ne
1537 2029 1914 2083 accusatum
1979 2018 2081 2081 vel
2145 2028 2507 2091 accusatOS,
2572 2029 2643 2082 ut
2690 2021 2903 2084 dicere

299 2132 562 2205 mavult,
590 2130 951 2205 absolvant,
981 2131 1099 2195 sed
1125 2153 1205 2194 ne
1230 2140 1500 2213 propter
1522 2130 1908 2193 amnestiam
1935 2129 2297 2205 absolvant,
2325 2129 2493 2192 hanc
2510 2131 2904 2193 sententiam

297 2244 506 2305 inesse
570 2242 681 2303 vix
741 2241 1125 2304 crediderim
1182 2249 1441 2324 praeter
1473 2238 1862 2303 Grosserum
1907 2259 2307 2323 quemquam
2354 2259 2667 2319 umquam
2725 2239 2901 2302 intel·

296 2351 533 2415 lexisse
558 2351 659 2413 vel
689 2352 953 2414 omnino
982 2352 1356 2431 intellegere
1380 2370 1591 2433 posse.
1643 2349 1842 2430 Quod
1869 2351 2103 2414 deinde
2122 2350 2204 2413 ad
2226 2353 2268 2430 ξ
2292 2367 2375 2429 92
2410 2362 2585 2425 »τοῖς
2603 2349 2904 2432 νικήσασι

296 2460 441 2527 ἴσον
463 2458 674 2546 ἔχετε(
715 2471 1020 2531 annotat:
1077 2463 1222 2525 »die
1253 2462 1593 2525 Amnestie
1625 2460 1964 2524 involvirte
1998 2461 2101 2525 die
2136 2459 2900 2542 Gleichheitsvertrage‹‚

297 2583 527 2637 notum
588 2584 688 2638 est
733 2595 866 2637 non
911 2575 1232 2646 amnestia
1278 2574 1453 2635 cives
1497 2592 1727 2635 omnes
1776 2571 2009 2634 eadem
2055 2572 2194 2633 iura
2237 2570 2564 2645 habuisse,
2610 2572 2727 2634 sed
2775 2571 2900 2633 iam

295 2705 459 2767 pace
505 2685 665 2768 ipsa.
746 2686 1046 2765 Denique
1092 2704 1188 2757 ea,
1238 2703 1409 2765 quae
1454 2686 1496 2763 ξ
1543 2700 1632 2762 94
1676 2682 2147 2755 describuntur,
2198 2681 2405 2744 reditu
2452 2691 2518 2745 et
2560 2681 2701 2744 sola
2739 2700 2904 2761 pace

291 2795 552 2859 exsules
633 2805 968 2859 assecutos
1051 2815 1191 2856 esse
1259 2813 1453 2856 nemo
1521 2794 1674 2866 erit,
1748 2792 1859 2875 qui
1929 2802 2138 2873 neget.
2261 2792 2593 2872 Cognovit
2662 2791 2896 2855 deinde

295 2904 578 2969 Grosser
646 2915 970 2969 oratorem
1036 2904 1481 2984 compluribus
1537 2903 1716 2976 lociS,
1783 2924 1820 2965 e
1882 2903 2119 2984 quibus
2179 2902 2497 2984 imprimis
2559 2901 2910 2964 afferenda

301 3024 405 3078 est
464 3014 912 3097 paragraphus
973 3020 1079 3087 28,
1146 3033 1415 3097 operam
1479 3013 1654 3090 dare,
1721 3022 1793 3076 ut
1848 3021 2079 3095 parcat
2141 3012 2405 3086 civibuS,
2455 3013 2570 3096 qui
2613 3013 2899 3094 triginta·

289 3125 577 3187 virorum
626 3124 980 3187 facinorum
1030 3124 1188 3186 socii
1236 3122 1385 3185 facti
1432 3124 1578 3197 sint,
1630 3132 1695 3185 et
1742 3123 1933 3185 huius
1964 3142 2233 3205 quoque
2265 3122 2354 3183 rei
2388 3142 2664 3186 causam
2696 3122 2904 3186 habet

292 3234 678 3296 amnestiam
723 3235 963 3300 datam.
1059 3233 1191 3297 Sed
1238 3253 1317 3295 ne
1362 3232 1489 3296 hoc
1537 3232 1805 3315 quidem
1853 3231 1981 3294 ullo
2015 3242 2405 3313 argumento
2438 3232 2702 3315 probari
2751 3243 2888 3313 pot·

288 3352 408 3417 est,
459 3344 694 3406 eodem
742 3345 877 3408 iure
924 3345 1117 3408 obiici
1153 3353 1371 3429 potest
1415 3352 1745 3406 oratorem
1793 3344 1957 3406 inter
1999 3342 2173 3404 cives
2205 3342 2407 3405 modo
2439 3343 2891 3407 reconciliatos

290 3473 497 3516 novas
545 3453 902 3517 discordias
950 3455 1236 3519 excitare
1286 3454 1588 3518 noluisse.
1658 3453 1885 3533 Atque
1915 3452 2111 3515 etiam
2158 3452 2281 3515 alia
2326 3453 2573 3516 ratione
2620 3454 2677 3517 ei
2725 3463 2900 3519 certe

292 3583 422 3625 non
469 3564 791 3645 neglenda
824 3564 1061 3626 ductus
1092 3564 1195 3628 sit.
1289 3563 1706 3644 Quamquam
1754 3561 2101 3646 plerosque
2132 3553 2376 3625 iudices
2410 3564 2666 3627 exsules
2699 3564 2895 3630 fuisse

296 3693 381 3735 ex
428 3674 724 3736 oratione
755 3673 966 3736 elucet
995 3682 1060 3736 et
1093 3683 1603 3737 consentaneum
1654 3683 1783 3746 est,
1823 3682 2046 3736 tamen
2093 3694 2212 3755 pro
2245 3682 2424 3736 certo
2465 3673 2706 3737 habere
2754 3694 2899 3754 pos·

293 3803 516 3845 sumus
564 3793 629 3846 et
673 3784 708 3867 ξ
752 3799 838 3863 92
890 3784 1179 3845 ostendit
1212 3803 1340 3845 non
1388 3803 1637 3863 paucos
1675 3782 2076 3846 urbanorum
2125 3783 2318 3845 fuisse
2349 3784 2572 3863 partis,
2620 3805 2904 3866 quorum

291 3892 611 3957 rationem
660 3893 999 3956 habuisset
1047 3894 1242 3956 etiam
1289 3903 1507 3962 orator
1554 3893 1753 3974 Lysia
1801 3893 2016 3956 minus
2050 3893 2340 3958 callidus,
2890 3961 2895 3967 ,

504 4002 759 4084 Quibus
803 4003 1269 4067 demonstratis
1317 4023 1466 4066 cum
1504 4012 1762 4066 constet
1806 4012 1946 4066 tota
1997 4003 2288 4066 oratione
2336 4003 2601 4068 nullum·
2629 4004 2896 4068 inveniri

286 4111 524 4186 locum,
576 4112 686 4192 qui
743 4132 865 4195 pro
914 4110 1211 4177 Grosseri
1285 4114 1607 4177 sententia
1668 4112 1881 4188 faciat,
1944 4113 2317 4196 complures
2374 4124 2543 4189 sunt,
2595 4114 2704 4198 qui
2752 4136 2900 4178 eam

288 4231 518 4303 aperte
580 4220 909 4298 refellant,
981 4224 1089 4305 qui
1148 4222 1325 4289 haud
1386 4224 1582 4288 dubie
1649 4224 2003 4287 ostendant
2066 4224 2450 4287 amnestiam
2511 4234 2663 4288 ante
2728 4225 2899 4289 hanc

285 4332 651 4394 orationem
694 4332 985 4397 habitam
1048 4334 1380 4397 decretam
1437 4354 1583 4397 esse
1647 4354 1779 4396 non
1824 4353 2038 4413 posse.
2128 4335 2200 4395 In
2245 4337 2288 4415 ξ
2337 4351 2370 4413 3
2383 4346 2414 4414 5
2463 4336 2701 4402 verba:
2757 4325 2892 4399 »ὧν

281 4437 346 4506 οἱ
389 4440 509 4524 μὲν
554 4436 846 4527 ὑμέτεροι
893 4439 1082 4519 ὄντες
1124 4447 1388 4509 πολῖται
1433 4442 1766 4527 μαθόντες
1809 4440 2101 4522 ἀπίασιν,
2134 4436 2237 4511 ὅτι
2268 4437 2309 4529 ἢ
2340 4444 2526 4528 δίκην
2557 4442 2895 4520 δώσουσιν,

498 4567 738 4630 Lfibbert,
780 4567 844 4620 de
880 4570 1140 4622 amnestia.
2496 4578 2525 4633 5
