3459 5050
44 1924 53 1933 ¹·
44 1860 61 1915 *vj
44 1760 73 1835 *vt-3
46 1582 81 1747 -b-'fffi-ss*
54 1556 77 1571 υ.

44 2228 67 2255 ,4

44 2258 79 2299 ‘'42''

1788 270 1870 335 50

530 470 742 551 potuit
790 470 984 535 etiam
1034 470 1256 557 viginti
1305 469 1405 532 vel
1452 470 1718 551 triginta
1763 470 2135 532 hominibus
2177 469 2418 532 civitati
2451 469 2699 531 infestis
2731 469 2792 531 in
2827 470 3121 533 exsilium

532 580 761 652 missis»,
831 601 980 643 nam
1041 581 1164 642 hac
1223 602 1291 643 re
1360 579 1679 643 mehercle
1754 580 2251 643 Atheniensium
2323 579 2553 642 civitas
2623 581 2685 641 in
2758 580 3122 663 complures

528 701 748 772 partes
792 692 1016 778 ‘divisa
1075 711 1204 754 non
1263 700 1417 754 erat.
1530 691 1657 771 Qui
1706 691 1958 772 singula
2020 692 2220 754 verba
2268 699 2403 753 tam
2448 690 2641 754 anxie
2686 691 2824 754 vult
2870 713 3116 774 urgere,

533 820 772 882 negare
821 801 1020 864 debet
1063 802 1558 865 Atheniensium
1607 802 1940 865 civitatem
1988 822 2298 884 umquam
2331 821 2528 864 unam
2560 800 2774 876 fuisse,
2813 823 3121 884 umquam

530 910 722 991 plena
779 932 942 995 pace
1002 932 1186 974 usam
1245 934 1404 986 esse,
1465 933 1615 976 nam
1674 912 1958 975 nonnulli
2022 912 2195 975 cives
2243 930 2503 994 semper
2546 914 2609 975 in
2658 913 2884 976 exsilio
2928 914 3120 995 dege-

530 1023 705 1095 bant,
756 1032 821 1085 et
879 1023 1201 1085 interdum
1250 1043 1379 1086 non
1444 1024 1532 1111 ita
1582 1025 1791 1105 pauci,
1856 1033 1925 1086 ut
1974 1025 2284 1086 docemur
2326 1023 2417 1085 eis
2463 1024 2741 1087 decretis
2788 1033 3116 1106 quattuor,

538 1133 776 1216 quibus
845 1132 1178 1196 exsulibus
1223 1143 1289 1195 et
1360 1133 1624 1197 infamia
1694 1135 1933 1201 notatis
2000 1134 2138 1196 iura
2200 1133 2410 1196 civilia
2477 1134 2729 1197 reddita
2798 1144 2966 1206 sunt,
3040 1136 3122 1197 de

430 1296 435 1303 .
531 1244 765 1324 quibus
809 1242 1107 1306 conferas
1149 1244 1215 1305 P.
1273 1264 1399 1306 van
1445 1244 1760 1325 Lelyveld
1815 1244 1935 1307 »de
1981 1244 2242 1306 infamia
2287 1245 2439 1306 iure·
2472 1244 2761 1318 Attico«,
2813 1265 2871 1310 a.
2932 1249 3116 1325 1835,

526 1377 588 1438 p.
644 1358 771 1435 278
815 1374 913 1436 sq.
960 1354 1303 1417 Praeterea
1348 1364 1590 1428 autem,
1643 1365 1714 1417 ut
1765 1363 1959 1417 antea
1994 1355 2128 1417 dixi
2162 1353 2435 1417 fortasse
2483 1355 2705 1446 Iustini
2740 1356 3117 1438 opinionem

526 1466 726 1529 fuisse
789 1485 1018 1528 omnes
1078 1465 1512 1545 trigintaviros
1569 1465 1943 1528 interfectos
2006 1486 2168 1540 esse,
2229 1465 2364 1528 fieri
2424 1475 2663 1547 potest,
2735 1475 2805 1528 ut
2853 1487 2921 1529 re
2967 1487 3120 1529 vera

528 1576 745 1640 verbis
812 1575 1084 1638 laudatis
1157 1594 1413 1648 narrare
1483 1577 1759 1647 voluerit
1825 1577 2149 1639 neminem
2218 1577 2303 1639 ab
2373 1577 2730 1639 amnestiae
2797 1576 3120 1640 beneficio

528 1687 864 1750 exclusum
913 1706 1072 1749 esse.
1143 1686 1290 1749 Non
1338 1706 1496 1750 vero
1545 1685 1865 1750 Grossero
1915 1708 1975 1769 p.
2030 1703 2108 1766 23
2157 1687 2307 1750 licet
2352 1708 2436 1750 ex
2467 1687 2595 1751 hoc
2627 1687 2846 1750 Iustini
2882 1709 3115 1761 errore,

527 1798 705 1861 cuius
767 1796 1010 1859 scilicet
1068 1797 1364 1859 convinci
1421 1818 1550 1859 non
1610 1806 1849 1879 potest,
1915 1797 2220 1879 colligere
2292 1817 2444 1860 eum
2514 1798 2875 1861 iuramenta
2944 1799 3116 1879 apud

528 1908 946 1972 Andocidem
1003 1918 1256 1970 servata
1312 1907 1547 1970 referre
1607 1927 1739 1969 non
1797 1908 2090 1989 potuisse
2137 1908 2220 1970 ad
2269 1907 2679 1980 amnestiam,
2731 1929 2930 1989 quam
2971 1908 3117 1990 ¹ipse

525 2041 720 2084 unam
803 2029 1029 2084 narret.
1155 2019 1282 2099 Qui
1369 2018 1695 2081 existimat
1776 2017 2091 2080 Iustinum
2181 2006 2317 2080 vel'
2362 2018 2656 2098 Trogum
2730 2018 3117 2101 Pompeium

492 2201 497 2209 ‚
525 2131 755 2194 eadem
800 2130 1129 2211 diligentia
1173 2150 1250 2193 ac
1293 2150 1411 2192 nos
1444 2129 1507 2190 in
1540 2148 1769 2191 omnes
1800 2126 2028 2201 sonteS,
2068 2110 2462 2210 quicumque
2495 2128 2762 2190 inveniri
2796 2138 3113 2210 poterant,

519 2241 939 2324 inquisivisse,
989 2241 1154 2304 male
1202 2240 1382 2303 novit
1429 2260 1577 2303 non·
1607 2249 1862 2302 tantum
1907 2239 2149 2313 Iustini,
2196 2241 2312 2302 sed
2360 2239 2656 2301 omnium
2728 2240 3116 2318 scriptorum

523 2352 936 2434 antiquorum
1004 2352 1328 2414 scribendi
1398 2351 1732 2414 rationem.
1845 2351 1978 2413 Pro
2042 2359 2222 2412 certo
2281 2349 2413 2413 fere
2483 2349 2697 2412 dicere
2768 2370 3117 2431 possumus

521 2446 905 2544 Pompeium
936 2463 1038 2527 vel
1068 2463 1382 2528 Iustinum
1408 2481 1763 2545 numquam
1789 2463 1954 2525 hanc
1979 2461 2341 2524 Andocidis
2366 2462 2723 2525 orationem
2759 2461 3116 2544 inspexisse

521 2585 715 2656 atque
775 2575 1308 2637 verisimillimum
1372 2583 1469 2635 est
1530 2594 1680 2636 eum
1743 2574 1825 2635 de
1886 2573 1984 2635 his
2044 2574 2451 2647 iuramentis,
2515 2594 2681 2655 quae
2736 2593 2890 2635 num
2938 2574 3112 2653 apud

521 2685 720 2748 ullum
767 2687 960 2750 alium
1022 2687 1405 2768 scriptorem
1466 2684 1702 2746 tradita
1758 2682 2010 2757 fuerint,
2073 2684 2356 2747 dubitari
2414 2684 2581 2759 licet,
2632 2684 2784 2747 nihil
2832 2685 3107 2751 scivisse.

734 2798 773 2876 ξ
830 2813 923 2882 19.
1016 2796 1370 2876 Postquam
1417 2795 1507 2857 sic
1555 2795 2141 2868 demonstravimus
2189 2817 2320 2858 non
2369 2817 2527 2869 esse,
2578 2818 2692 2859 cur
2739 2797 2926 2859 nobis
2975 2818 3109 2880 per·

519 2907 867 2974 suadeatur
898 2906 984 2968 ab
1016 2905 1334 2968 amnestia
1362 2914 1515 2988 post
1538 2906 2034 2988 *expeditionem
2068 2906 2462 2969 Eleusiniam
2496 2907 2753 2968 decreta
2785 2907 3109 2969 neminem

438 3086 443 3089 ,
521 3017 854 3080 exclusum
924 3037 1096 3089 esse,
1167 3016 1570 3078 iurisiurandi
1632 3016 1807 3096 apud
1869 3016 2284 3079 Andocidem
2356 3018 2577 3100 traditi
2647 3018 2879 3092 verba,
2947 3037 3111 3097 quae

518 3145 711 3206 supra
769 3126 832 3208 (ξ
894 3127 958 3209 6)
1029 3126 1244 3200 attuli,
1318 3126 1556 3190 diserte
1625 3127 2075 3189 demonstr-ant
2143 3127 2511 3209 complures
2581 3128 2880 3191 exclusos
2951 3149 3105 3190 esse.

516 3237 652 3298 Iam
722 3237 873 3317 quia
939 3238 1093 3299 satis
1163 3235 1438 3299 refutata
1509 3247 1690 3311 sunt,
1779 3257 1947 3317 quae
2020 3236 2293 3301 Grosser
2376 3247 2442 3299 et
2515 3238 2619 3300 alii
2701 3239 2783 3300 de
2858 3239 3110 3301 duabus

520 3347 855 3409 amnestiis
885 3348 1143 3421 docent,
1180 3356 1246 3409 et
1277 3347 1791 3410 demonstratum
1823 3348 1990 3410 hanc
2022 3356 2259 3428 postex
2291 3348 2693 3426 peditionem
2718 3348 3109 3410 Eleusiniam

519 3458 845 3519 decretam
910 3477 1102 3519 unam
1164 3457 1388 3531 fuisse,
1451 3468 1717 3537 oportet
1779 3478 1898 3519 nos
1958 3457 2123 3519 haec
2185 3455 2544 3520 iuramenta
2593 3458 2675 3520 ad
2723 3460 3106 3521 amnestiam

519 3568 906 3647 pertinentia
952 3570 1035 3630 ad
1081 3568 1249 3630 hanc
1307 3588 1500 3630 unam
1565 3567 1815 3629 referre.
1911 3568 2278 3649 Apparebit
2324 3578 2577 3642 autem,
2644 3570 2896 3630 etiamsi
2944 3570 3107 3631 duae

518 3679 874 3741 amnestiae
931 3679 1312 3742 statuendae
1381 3688 1625 3750 essent,
1697 3687 1916 3740 tamen
1990 3679 2071 3740 ad
2141 3679 2572 3759 posteriorem
2633 3698 2709 3740 ea
2778 3678 3110 3742 referenda

518 3809 676 3864 esse,
726 3790 847 3864 vel,
897 3790 1073 3851 sicut¹
1109 3810 1210 3852 res
1257 3809 1426 3851 nunc
1472 3809 1614 3852 sese
1659 3789 1879 3863 habet,
1929 3788 2087 3850 haec
2120 3790 2479 3851 iuramenta
2517 3785 2691 3851 novo
2724 3799 3104 3869 argumento

517 3920 593 3962 ea
637 3899 912 3974 firmant,
964 3919 1131 3980 quae
1178 3899 1260 3961 de
1306 3902 1623 3963 amnestia
1670 3920 1798 3962 una
1852 3901 2182 3962 docemus
2278 3898 2657 3961 Andocides
2706 3901 2877 3961 enim
2926 3900 2951 3960 I
2997 3917 3104 3980 90,

517 4010 627 4072 ubi
675 4010 1035 4073 iuramenta
1080 4010 1279 4083 affert,
1329 4011 1516 4073 dicit:
1576 4037 1600 4068 ›
1622 4009 1787 4093 Φέρε
1830 4009 1909 4094 δὴ
1953 4011 2199 4087 τοίνυν,
2233 4006 2292 4074 οἱ
2338 4003 2518 4093 ὅρκοι
2566 4005 2717 4092 ὑμῖν
2742 4016 2884 4084 πῶς
2933 4006 3111 4092 ἔχου-

515 4135 653 4199 σινς
701 4114 738 4184 ὁ
781 4119 899 4202 μὲν
943 4119 1161 4195 κοινὸς
1230 4123 1313 4203 τῇ
1379 4119 1566 4185 πόλει
1627 4115 1872 4201 ἁπάσῃ,
1935 4111 2014 4184 ὃν
2060 4117 2444 4203 ὀμωμόκατε
2490 4120 2735 4196 πάντες
2777 4119 2942 4204 μετὰ
2987 4115 3109 4194 τὰς

517 4228 930 4313 διαλλαγάςι,
982 4230 1217 4309 quibus
1260 4231 1476 4294 verbis
1522 4231 1813 4294 ostendit
1860 4230 2055 4293 etiam
2105 4241 2276 4305 tum,
2329 4251 2479 4294 cum
2525 4231 2691 4294 hanc
2739 4232 3109 4294 orationem

516 4338 776 4413 habuit,
840 4340 1012 4401 cives
1070 4360 1151 4402 eo
1210 4341 1615 4403 iureiurando
1675 4341 2025 4403 obstrictos
2085 4340 2307 4416 fuisse,
2372 4343 2550 4422 quod
2611 4341 2846 4405 deinde
2905 4341 3103 4405 affert.

516 4449 786 4516 Constat
846 4459 1064 4516 autem
1125 4451 1290 4517 hanc
1358 4453 1723 4518 orationem
1792 4451 1901 4517 diu
1966 4461 2116 4532 post
2187 4452 2653 4536 rempublicam
2723 4453 3103 4529 restitutam,
