3459 5050
1216 1464 1219 1471 ⁸
1320 1410 1362 1551 Ι
1448 1440 1532 1517 n
1619 1414 1724 1520 d
1789 1445 1859 1518 e
1937 1446 2058 1518 X.

383 1627 422 1703 ξ
478 1642 527 1687 1.
627 1622 973 1695 Praefatio
1022 1677 1210 1690 .....
1249 1685 1252 1689 .
1288 1677 2634 1690 ..............................
2689 1649 2840 1710 pag.
2940 1643 2974 1707 7
3057 1656 3058 1659 ¹

1395 1819 1613 1921 caput
1665 1818 1976 1920 primum.

382 1997 973 2092 Scriptorum
1034 2000 1627 2095 antiquorum
1688 1998 2235 2070 testimonia
2292 1998 2823 2070 afferuntur
2880 2017 2975 2071 et
3069 2068 3070 2071 ,

1341 2144 1956 2222 exponuntun

381 2303 421 2379 ξ
471 2317 528 2366 2.
624 2301 798 2382 Quid
846 2304 1059 2366 tradat
1102 2303 1473 2386 Xenophon
1645 2352 2149 2366 ...........
2184 2356 2189 2360 .
2229 2352 2637 2367 ..........
2686 2324 2833 2384 pag.
2895 2320 2971 2365 10

379 2415 418 2490 ἓ
465 2430 520 2491 3.
617 2412 790 2493 Quid
840 2415 1167 2476 Diodorus
1198 2463 2634 2478 .................................
2760 2440 2784 2472 2
2896 2430 2966 2475 12

379 2529 417 2602 ς
463 2541 521 2599 4.
619 2524 796 2605 Quid
842 2526 1121 2588 Iustinus
1152 2574 2632 2589 ................................
2759 2551 2783 2583 >
2894 2542 2970 2602 14

377 2636 416 2712 ἓ
471 2648 525 2712 5.
619 2635 794 2715 Quid
840 2635 1174 2699 Cornelius
1221 2636 1445 2718 Nepos
1462 2684 2584 2700 ..........................
2757 2662 2781 2692 ›
2893 2636 2969 2696 16

376 2748 413 2804 a
460 2745 517 2806 6.
616 2745 790 2826 Quid
839 2746 1255 2809 Andocides>
1279 2798 1959 2810 ..............
1998 2798 2002 2802 .
2037 2796 2625 2809 .............
2668 2760 2674 2768 ·
2756 2771 2781 2801 ›
2891 2760 2964 2824 17

374 2856 414 2932 ξ
462 2872 516 2934 7.
615 2855 790 2936 Quid
839 2879 920 2919 ex
964 2858 1102 2920 aliis
1148 2857 1568 2939 scriptoribus
1616 2858 1700 2918 sit
1749 2856 2182 2936 colligendum
2216 2907 2228 2917 .
2260 2906 2270 2917 .
2305 2907 2315 2917 .
2350 2904 2360 2916 .
2438 2905 2449 2916 .
2482 2905 2492 2915 .
2526 2906 2537 2916 .
2615 2905 2626 2916 .
2755 2881 2781 2912 ›
2892 2871 2968 2933 19

379 2967 420 3042 ξ
470 2966 527 3029 8.
624 2966 878 3046 Quibus
926 2968 1295 3030 nominibus
1342 2968 1585 3047 antiqui
1633 2968 2016 3029 amnestiam
2066 2966 2434 3028 notaverint
2480 3015 2490 3026 .
2570 3015 2623 3026 ..
2754 2991 2777 3021 ›
2884 2980 2960 3041 23

1137 3156 1484 3224 Excursus
1532 3157 1613 3224 ad
1661 3111 1865 3240 caput
1914 3155 2216 3240 primum.

374 3317 415 3393 ἓ
460 3333 516 3394 9.
614 3317 718 3377 De
763 3317 1144 3410 aliis-pactis
1173 3369 1184 3381 .
1218 3369 1228 3379 .
1260 3365 1317 3380 ..
1355 3370 1362 3379 .
1396 3363 2608 3382 ...........................
2674 3334 2825 3397 pag.
2879 3315 2962 3375 26

1331 3504 1550 3607 Caput
1600 3507 2004 3626 secundum.

508 3685 947 3759 Virorum
1007 3687 1502 3758 doctorum
1562 3687 2118 3759 sententiae
2179 3702 2825 3758 recensentur.

369 3865 409 3941 ξ
467 3880 564 3929 10.
660 3863 788 3945 Qui
838 3864 1050 3927 fontes
1097 3865 1296 3927 secuti
1345 3864 1480 3926 sint
1495 3911 2621 3928 ........................
2669 3881 2820 3943 pag.
2878 3879 2961 3940 30

369 3975 410 4050 ξ
466 3990 560 4039 11.
656 3974 786 4055 Qui
832 3995 1057 4037 eorum
1106 3975 1543 4036 narrationem
1590 3974 2069 4035 immutaverint
2123 4022 2620 4035 ............
2748 3998 2772 4030 2
2876 3989 2949 4050 31

368 4085 409 4160 ξ
464 4100 558 4149 12.
654 4086 756 4147 De
804 4082 1101 4147 Grosseri
1147 4085 1415 4147 summis
1459 4085 1854 4165 argumentis
2032 4132 2621 4146 ............
2748 4109 2774 4140 ›
2878 4096 2960 4158 34

369 4194 409 4270 ξ
466 4211 558 4272 13.
654 4195 756 4260 D.e
801 4196 1257 4278 Xenophontis
1302 4194 1627 4257 hellenicis
1673 4246 1684 4257 .
1764 4242 2616 4257 ...................
2744 4217 2769 4250 »
2874 4191 2957 4269 36

368 4307 408 4381 ἓ
466 4320 558 4380 14.
653 4305 758 4366 De
802 4307 980 4387 pacis
1025 4305 1512 4368 condicionibus
1541 4353 2619 4368 .......................
2747 4329 2770 4366 κ
2874 4303 2955 4377 38

367 4416 407 4492 ξ
464 4427 556 4493 15.
652 4416 754 4477 De
797 4416 1293 4478 Atheniensium
1342 4415 1901 4477 reconciliatorum
1948 4414 2253 4476 contione
2290 4462 2613 4476 .......
2744 4437 2769 4470 »
2869 4427 2954 4488 42

367 4525 407 4604 ἓ
463 4525 556 4586 16.
652 4525 753 4588 De
802 4526 1240 4606 Xenophonte
1286 4535 1351 4587 et
1396 4526 1640 4587 Iustino
1687 4525 1878 4608 plane
1926 4523 2526 4589 consentientibus.
2604 4573 2615 4583 .
2744 4548 2769 4578 >
2868 4537 2957 4599 44
