3459 5050
1558 226 1642 345 ιη’

309 486 748 560 componeret.
828 477 1052 560 Itaque
1083 477 1227 538 loco
1261 476 1828 541 nobisiractando
1861 478 2162 561 Ephorus
2216 480 2375 560 (sive
2407 476 2904 560 Theopompus)

307 587 445 673 sine
504 588 706 650 dubio
764 586 1275 669 Xenophontem
1336 598 1597 651 secutus
1665 599 1764 651 est
1841 610 2123 670 eumque
2194 576 2454 670 Trog'us
2532 588 2898 671 Pompeius

308 697 461 776 Qua
508 698 755 759 ratione
790 717 920 759 non
955 696 1399 777 infringuntur,
1437 719 1607 785 quae
1639 720 1835 783 supra
1869 698 2322 762 demonstravi.
2403 696 2571 760 Nam
2606 693 2900 759 Grosseri

306 808 717 870 coniecturae
785 809 847 869 in
916 807 1376 870 hellenicorum
1445 811 1732 892 epitome
1790 810 2170 872 amnestiam
2235 808 2519 891 priorem
2591 807 2901 869 omissam

313 939 457 980 esse
486 938 616 979 non
645 939 786 980 esse
811 918 1025 979 locum
1052 940 1133 981 ex
1160 919 1271 994 eiS,
1300 942 1467 1006 quae
1491 922 1930 1005 exposuimuS,
1965 917 2377 982 manifestum
2417 927 2532 982 est.
2576 918 2820 999 Neque,
2849 918 2901 979 si

303 1037 590 1091 statuere
623 1028 858 1111 audeat
881 1017 1385 1114 Xenophontem
1419 1034 1626 1116 ipsum
1660 1052 1806 1094 eam
1838 1032 2150 1105 omisisse,
2180 1029 2354 1091 credi
2387 1028 2532 1091 licet
2567 1028 2901 1112 Ephorum

317 1144 775 1229 Xenophontis
820 1146 1256 1208 narrationem
1304 1165 1435 1206 non
1481 1153 1921 1208 correcturum
1969 1141 2172 1205 fuisse.

522 1259 561 1336 ξ
622 1271 714 1336 17.
766 1256 1143 1337 Antequam
1190 1257 1274 1318 ad
1324 1236 1707 1318 amnestiam
1756 1274 1976 1316 veram
2025 1264 2428 1317 transeamus
2475 1252 2898 1323 tractandam,

307 1367 648 1429 refutanda
704 1376 803 1428 est
887 1365 1010 1428 alia
1078 1365 1372 1430 Grosseri
1425 1366 1762 1438 sententia,
1825 1386 2021 1447 quam
2099 1364 2367 1447 exponit
2428 1346 2898 1426 dissertationis

310 1478 724 1560 paragrapho
769 1480 1068 1558 septima.
1167 1480 1303 1541 Iam
1350 1497 1547 1558 supra
1592 1478 1660 1559 (ἓ
1711 1492 1746 1537 2
1796 1485 1863 1538 et
1938 1477 2039 1556 14)
2089 1474 2367 1536 vidimus
2429 1494 2545 1554 per
2607 1473 2901 1535 fraudem

310 1588 616 1653 Eleusina
675 1600 1122 1672 recuperatam
1171 1609 1331 1654 esse.
1430 1587 1834 1649 Dissentiunt
1891 1596 2110 1648 autem
2156 1585 2273 1647 viri
2323 1585 2517 1656 docti,
2579 1583 2755 1666 quod
2819 1582 2904 1645 ad

306 1699 474 1760 hanc
544 1719 681 1761 rem
751 1701 999 1774 attinet,
1073 1699 1407 1782 quomodo
1476 1697 1908 1778 intellegenda
1973 1696 2097 1758 sint
2163 1695 2621 1777 Xenophontis
2701 1694 2903 1756 verba

306 1812 377 1891 (ἓ
423 1809 567 1890 43):
619 1808 812 1884 »τοὺς
852 1813 970 1892 μὲν
1015 1806 1417 1894 στρατηγοὺς
1455 1804 1681 1872 αὐτῶν
1714 1807 1806 1884 εἰς
1829 1806 2064 1891 λόγους
2091 1805 2417 1882 ἐλθόντας
2441 1802 2895 1870 ἀπέκτειναν.«

308 1919 473 1982 Cum
521 1919 810 2003 plerique
855 1921 1203 2003 scriptores
1246 1920 1446 1982 nostri
1479 1919 1623 1980 aevi
1653 1921 1746 1980 sic
1778 1940 1856 1982 ea
1879 1928 2159 1990 vertant,
2206 1928 2277 1980 ut
2309 1938 2440 1980 non
2471 1915 2897 1996 intellegatur,

307 2051 625 2112 quosnam
680 2029 873 2106 »τοὺς
921 2030 1363 2116 στρατηγούς(
1415 2050 1556 2093 esse
1605 2040 1853 2112 putent,
1905 2029 2108 2093 Grote
2173 2028 2322 2091 VIII
2370 2046 2430 2109 p.
2487 2028 2616 2089 280
2678 2035 2905 2107 aperte

308 2141 472 2202 dixit
507 2151 571 2203 et
600 2142 1080 2204 Rauchenstein
1112 2143 1175 2203 in
1213 2139 1621 2220 »Philologm
1657 2125 1817 2204 tom.
1867 2139 1927 2201 X
1974 2160 2038 2220 p.
2079 2140 2421 2219 591—-607
2455 2139 2902 2200 demonstrare

305 2253 553 2314 studuit
609 2272 740 2313 non
802 2244 1271 2332 intellegendos
1318 2231 1460 2314 esse
1515 2249 1955 2330 trigintaviros
2001 2249 2195 2331 ipsos,
2246 2249 2360 2311 sed
2410 2268 2632 2310 eorum
2682 2247 2899 2319 duces,

309 2363 473 2424 inter
507 2382 676 2444 quos
708 2362 1193 2425 Rauchenstein
1242 2361 1542 2424 concedit
1587 2359 1869 2441 aliquem
1918 2359 2190 2421 fortasse
2234 2379 2319 2420 ex
2366 2358 2456 2420 eis
2496 2357 2652 2440 ipsis
2686 2355 2902 2427 fuisse,

307 2467 747 2555 trigintaviros
831 2474 1011 2555 ipsos
1095 2482 1389 2537 servatos
1473 2492 1631 2535 esse.
1750 2470 1967 2552 Quam
2039 2469 2428 2532 sententiam
2499 2466 2904 2550 impugnavit

313 2582 591 2646 Grosser
622 2586 686 2646 in
732 2604 881 2649 ann.
928 2584 1037 2665 ph.
1074 2593 1139 2647 et
1182 2606 1247 2666 p.
1296 2593 1455 2649 tom.
1503 2583 1587 2645 IC
1635 2603 1699 2662 p.
1759 2595 2101 2661 193—207
2149 2590 2213 2642 et
2257 2592 2382 2657 455
2434 2600 2553 2661 sq.,
2588 2579 2698 2660 qui
2730 2587 2905 2640 recte

314 2695 470 2756 mihi
533 2695 790 2757 videtur
846 2695 1395 2757 demonstravisse
1456 2715 1585 2756 non
1651 2713 1798 2755 esse
1860 2691 2205 2754 verisimile
2263 2690 2726 2771 trigintavirOS,
2788 2689 2898 2770 qui

312 2814 504 2867 antea
563 2805 683 2886 ipsi
732 2806 1084 2870 exercitum
1135 2806 1488 2877 duxissent,
1539 2814 1696 2876 tum,
1749 2824 1897 2865 cum
1945 2803 2025 2866 de
2073 2803 2360 2886 ipsorum
2407 2801 2620 2882 capite
2663 2819 2904 2881 pugna-

316 2924 522 2988 retur,
597 2908 955 2977 e'xercitum
1026 2915 1163 2978 aliis
1254 2915 1621 2978 ducendum
1692 2914 2054 2987 tradidisse,
2128 2934 2338 2995 neque
2408 2911 2908 2974 Atheniensium

317 3025 596 3089 multum
656 3026 964 3088 interesse
1051 3027 1344 3107 potuisse
1404 3025 1600 3087 duces
1661 3045 1779 3105 per
1863 3023 2085 3086 dolum
2153 3034 2220 3086 et
2280 3022 2541 3085 insidias
2602 3020 2898 3093 interimi,

314 3156 463 3198 cum
494 3135 792 3198 homines
823 3137 1071 3200 civitati
1100 3157 1309 3199 novae
1335 3135 1879 3218 periculosissimi,
1908 3133 2283 3215 trigintaviri
2308 3133 2447 3214 ipsi,
2476 3139 2905 3197 servarentur.

316 3247 571 3328 Quodsi
631 3223 959 3310 concludit
1005 3257 1355 3336 propterea
1399 3255 1708 3327 oportere
1757 3247 1953 3307 duces
1997 3244 2190 3305 fuisse
2235 3244 2458 3325 viginti
2509 3252 2574 3306 et
2620 3242 2906 3324 quinque

313 3367 646 3439 tyrannOS,
697 3359 805 3439 qui
854 3356 1153 3420 Eleusine
1202 3358 1488 3432 fuissent,
1542 3368 1608 3420 et
1655 3378 1770 3420 eos
1818 3376 2045 3420 omnes
2093 3364 2233 3417 tum
2281 3355 2707 3434 interemptos
2741 3372 2903 3425 esse,

311 3466 722 3530 nihilominus
811 3468 972 3531 haec
1060 3470 1388 3532 conclusio
1466 3468 1805 3551 probanda
1882 3486 2010 3528 non
2080 3475 2198 3528 est.
2316 3464 2635 3544 Quisnam
2710 3463 2897 3526 nobis

315 3579 517 3641 tradit
578 3598 805 3640 omnes
863 3579 1085 3659 viginti
1147 3588 1213 3641 et
1276 3580 1559 3662 quinque
1615 3580 1815 3641 duces
1879 3576 2198 3639 exercitus
2243 3573 2473 3637 fuisse?
2523 3574 2732 3636 Immo
2777 3594 2908 3636 non

314 3688 660 3751 verisimile
710 3698 809 3751 est
853 3709 1081 3751 omnes
1127 3691 1209 3752 ad
1255 3690 1612 3776 exercitum
1661 3688 2029 3750 ducendum
2080 3686 2349 3747 idoneos
2380 3683 2575 3747 fuisse
2609 3693 2673 3747 et
2706 3684 2909 3747 multo

315 3799 511 3861 etiarn
579 3800 787 3861 minus
854 3800 1226 3871 exercitum,
1288 3799 1398 3880 qui
1468 3818 1598 3859 non
1664 3817 1942 3878 magnus
1988 3798 2125 3859 sine
2173 3796 2374 3858 dubio
2422 3796 2632 3870 fuerit,
2685 3795 2907 3877 viginti

314 3920 381 3972 et
429 3909 715 3991 quinque
760 3911 959 3971 duces
1005 3908 1328 3974 habuisse.
1401 3908 1617 3989 Quam
1666 3908 1755 3970 ob
1788 3928 1923 3970 rem
1956 3906 2457 3969 existimandum
2491 3915 2589 3968 est
2618 3907 2905 3987 triginta·

313 4021 489 4082 viros
558 4019 820 4101 quidem
868 4020 1085 4082 verbis
1139 4017 1333 4093 »τοὺς
1380 4018 1820 4102 στρατηγούςι
1859 4019 2086 4091 notari,
2136 4026 2427 4079 attamen
2473 4036 2604 4078 non
2659 4036 2905 4091 omneS,

314 4130 434 4193 sed
480 4128 863 4212 complureS,
915 4130 1023 4211 qui
1068 4130 1205 4191 sine
1252 4129 1453 4191 dubio
1502 4129 1827 4211 principes
1877 4149 2100 4191 eorum
2149 4136 2346 4200 erant,
2397 4126 2519 4189 hos
2551 4136 2687 4189 tum
2723 4128 2907 4192 inter·

316 4239 525 4303 sectos
572 4261 731 4308 esse.
781 4250 1032 4302 ceteros
1082 4249 1303 4302 autem
1347 4239 1664 4321 effugisse.

530 4351 677 4413 Non
742 4349 902 4412 falso
969 4350 1097 4412 hoc
1140 4351 1343 4413 modo
1389 4351 1670 4414 Iustinus
1717 4351 1753 4412 l.
1803 4351 1841 4412 1.
1891 4360 2134 4417 narrat:
2189 4335 2482 4432 »tyranni
2531 4400 2731 4414 .....
2782 4362 2907 4415 tru-

314 4460 651 4524 cidantur<
677 4508 691 4534 ,
765 4480 1162 4543 quamquam
1220 4461 1356 4523 fieri
1422 4470 1668 4543 potest,
1739 4471 1808 4525 ut
1865 4482 1993 4524 non
2052 4471 2353 4526 accurate
2418 4463 2625 4547 Trogi
2692 4463 2908 4527 verbis
