3459 5050
1855 265 1945 326 44

815 467 1037 547 Atque
1109 465 1306 528 etiam
1375 473 1601 526 contra
1668 462 1837 524 hanc
1905 463 2295 527 sententiam
2363 464 2425 525 in
2495 463 2618 525 hac
2683 462 2987 525 contione
3050 472 3196 526 ante

602 575 992 657 Thrasybuli
1039 575 1404 638 orationem
1451 574 1744 636 habitam
1788 575 2177 639 amnestiam
2225 575 2552 637 decretam
2603 594 2763 647 esse,
2826 573 2975 636 facit
3040 573 3198 636 haec

602 688 812 750 oratio
858 687 1018 766 ipsa.
1112 686 1280 748 Nam
1327 706 1482 748 vero
1528 685 1900 766 proximum
1947 693 2063 759 est,
2114 686 2167 746 si
2215 685 2343 748 hoc
2392 684 2634 747 factum
2682 692 2871 757 esset,
2921 684 3194 765 Thrasy-

600 797 825 866 bulum
873 816 1002 881 non
1036 815 1560 875 supersessurum
1599 795 1797 858 fuisse
1845 796 1978 858 eius
2027 796 2423 859 mentionem
2455 794 2663 882 facere
2711 803 2778 856 et
2808 794 3195 884 urbanorum

601 908 771 970 vitiis
818 908 984 970 hauc
1029 906 1324 969 exsulum
1373 906 1890 969 moderationem
1936 917 2001 969 et
2047 906 2519 968 humanitatem
2582 925 2937 986 opponere.
3031 904 3194 967 The-

601 1020 918 1085 banorum
966 1027 1184 1080 autem
1231 1018 1434 1079 verba
1480 1017 1609 1081 iam
1671 1016 1935 1095 laudata
1982 1026 2163 1099 patet
2212 1036 2339 1079 non
2389 1012 2705 1079 difficilius
2753 1015 2835 1076 de
2880 1015 3193 1081 amnestia

601 1131 822 1211 paucis
884 1129 1215 1192 mensibus
1272 1137 1426 1211 post
1488 1126 1788 1189 exsulum
1849 1128 2127 1191 reditum
2191 1128 2453 1191 decreta
2512 1127 2795 1209 intellegi
2860 1148 3057 1212 quam
3114 1128 3195 1190 de

600 1240 723 1303 hac
770 1240 1093 1303 amnestia
1139 1260 1183 1325 a*
1228 1235 1546 1301 Grossero
1593 1238 1766 1304 ficta.
2599 1241 2611 1247 “
2654 1300 2657 1307 .

813 1350 1010 1431 Quod
1058 1349 1337 1431 denique
1384 1349 1480 1411 vir
1526 1349 1760 1411 doctus
1807 1370 1869 1431 p.
1929 1365 2009 1425 14
2054 1349 2210 1412 dicit
2257 1350 2460 1412 etiam*
2499 1350 2667 1412 hanc
2713 1350 3077 1412 orationem
3110 1349 3191 1411 ab
3257 1430 3266 1435 .

601 1462 1039 1542 epitomatore
1085 1459 1275 1521 valde
1318 1469 1684 1542 correptam
1732 1479 1894 1534 esse,
1946 1480 2341 1542 quamquam
2403 1462 2488 1523 ad
2546 1469 2831 1524 nostram
2879 1460 3193 1542 quaestio-

602 1592 751 1635 nem
800 1593 929 1635 non
976 1572 1272 1653 pertinet,
1321 1570 1514 1652 plane
1562 1571 1913 1652 neglegere
1962 1569 2130 1633 nolo,
2226 1571 2398 1633 Num
2430 1570 2942 1651 Xenophontem
2982 1570 3196 1652 ipsum

600 1683 768 1745 hanc
811 1683 1171 1747 orationem
1220 1702 1430 1764 neque
1475 1690 1790 1744 mutatam
1838 1701 2046 1762 neque
2108 1666 2478 1766 correptam
2522 1681 2685 1744 libro
2733 1701 2851 1742 suo
2917 1681 3193 1742 inserere

600 1792 926 1875 oportuit?
974 1791 1040 1856 Si
1085 1813 1259 1866 vei-0,
1312 1803 1381 1855 ut
1428 1793 1813 1876 plerumque
1855 1791 1946 1865 fit,
1997 1812 2325 1854 summum
2386 1791 2693 1855 orationis
2737 1798 3193 1871 argumentum

597 1904 853 1967 tradere
900 1901 1125 1978 voluit,
1172 1886 1287 1965 cur
1333 1924 1464 1968 non
1512 1904 1650 1984 ipse
1700 1904 1936 1965 eodem
1985 1903 2119 1966 iure
2165 1912 2362 1987 atque
2411 1904 2806 1984 epitomator
2866 1922 3008 1963 eam
3059 1921 3190 1963 cor-

599 2014 808 2097 ripere
873 2013 1121 2095 potuit?
1186 2014 1604 2077 Prooemium
1663 2013 1865 2080 deest.
1961 2013 2090 2076 Cur
2152 2034 2280 2076 non
2344 2013 2716 2093 Xenophon
2779 2012 2915 2095 ipse
2986 2012 3193 2093 prima

601 2123 993 2206 Thrasybuli
1051 2124 1250 2187 verba
1310 2124 1521 2187 minus
1569 2125 1796 2206 gravia
1839 2124 2141 2188 omittere
2198 2124 2455 2207 potuit?
2523 2123 2661 2186 Sub
2725 2123 2920 2184 finem
2978 2121 3191 2203 ,oratio

599 2244 776 2298 recta
839 2236 1128 2301 mittitur.
1223 2232 1354 2298 Cur
1418 2255 1546 2296 non
1606 2234 1977 2316 Xenophon
2039 2235 2178 2317 ipse
2233 2236 2482 2302 verbis:
2551 2230 2792 2298 »εἰπὼν
2851 2232 2918 2297 δὲ
2983 2240 3192 2296 ταῦτα

598 2345 707 2408 καὶ
755 2339 958 2409 ἄλλαι
1012 2354 1132 2408 ete.
1182 2346 1466 2430 indicare
1513 2347 1729 2428 potuit
1789 2361 1873 2407 se·
1924 2366 2054 2407 non
2119 2354 2325 2407 totam
2390 2346 2766 2412 orationem,
2807 2344 3201 2406 verbotenus

597 2455 934 2519 attulisse?

813 2551 996 2650 §.16
1091 2568 1345 2648 Quibus
1411 2568 1869 2634 demonstratis
1925 2566 2100 2629 aliud
2173 2577 2632 2648 argumentum
2703 2566 2991 2639 accedit,
3061 2585 3191 2649 quo

611 2678 830 2758 utique
903 2687 1202 2740 vetamur
1278 2687 1504 2762 putare
1565 2678 1797 2760 prioris
1855 2678 2212 2741 amnestiae
2288 2680 2683 2744 mentionem
2744 2676 2920 2759 apud
2983 2676 3192 2738 Xeno·

607 2789 1260 2874 phontemqomissam
1305 2810 1466 2862 esse,
1516 2789 1696 2871 quod
1743 2800 2201 2868 argumentum
2251 2788 2525 2852 Grosser
2556 2797 2695 2851 tota
2740 2786 3194 2850 dissertatione

610 2902 798 2984 plane
847 2901 1152 2980 neglexit,
1217 2919 1606 2963 consensum
1666 2900 1813 2962 dico
1873 2899 2330 2982 Xenophontis
2391 2910 2457 2962 et
2525 2898 2763 2961 Iustini.
2867 2898 3037 2970 Nam
3098 2896 3193 2957 Iu-

607 3011 834 3085 stinuS‚
887 3020 956 3072 ut
999 3030 1195 3091 supra
1241 3012 1303 3091 (ξ
1349 3013 1419 3091 4)
1479 3009 1778 3081 vidimus,
1844 3031 1973 3072 non
2030 3030 2217 3072 secus
2261 3031 2337 3073 ac
2383 3009 2754 3090 Xenophon
2801 3017 2962 3073 ante,
2999 3027 3190 3089 expe·

610 3122 922 3183 ditionem
995 3119 1390 3183 Eleusiniam
1461 3121 1817 3182 amnestiae
1889 3122 2285 3183 mentionem
2359 3140 2488 3182 non
2558 3119 2742 3193 facit,
2822 3128 2975 3202 post
3046 3137 3192 3180 eam

602 3231 843 3293 diserte
889 3238 1107 3293 narrat
1150 3230 1531 3294 amnestiam
1588 3209 2069 3312 promulgatam
2138 3252 2299 3297 esse.
2394 3233 2869 3312 Quaecumque
2918 3229 3192 3291 fontium

607 3342 770 3412 ratio
802 3341 1043 3403 Iustino
1076 3361 1223 3403 cum
1256 3341 1694 3423 Xenophonte
1726 3341 2081 3415 intercedit,
2110 3341 2214 3403 hic
2240 3341 2471 3404 horum
2498 3341 2773 3403 duorum
2803 3340 3192 3421 scriptorum

605 3471 958 3513 consensus
1022 3452 1262 3513 nullam
1326 3451 1798 3516 dubitationem
1845 3452 1927 3513 de
1976 3471 2121 3513 mea
2168 3451 2416 3514 ratione
2479 3451 2796 3533 relinquit.
2892 3452 3025 3513 Fac
3069 3450 3190 3533 pri·

606 3580 784 3622 mum
842 3560 1156 3628 Iustinum
1215 3562 1317 3623 vel
1387 3562 1604 3643 potius
1651 3561 1947 3643 Trogum
2010 3562 2393 3643 Pompeium
2454 3562 2745 3630 hausisse
2806 3581 2843 3622 e
2905 3560 3085 3623 fonte
3150 3580 3195 3621 a

607 3670 1043 3752 Xenophonte
1115 3672 1380 3733 omnino
1444 3672 1738 3746 diverSO,
1806 3672 2101 3756 profecto
2161 3693 2354 3736 nemo
2424 3673 2712 3756 prudens
2781 3671 3196 3734 arbitrabitur

604 3789 966 3864 utrumque,
1037 3791 1102 3845 et
1160 3782 1666 3864 Xenophontem
1728 3783 1832 3846 vel
1880 3784 2017 3845 eius
2063 3784 2560 3865 epitomatorem
2609 3793 2675 3847 et
2721 3782 3036 3845 Iustinum
3083 3781 3193 3843 vel

600 3891 893 3971 Trogum
942 3892 1323 3972 Pompeium
1368 3894 1471 3954 vel
1517 3894 1654 3956 eius
1703 3892 1970 3967 fontem,
2020 3896 2401 3957 amnestiam
2446 3896 2748 3976 priorem,
2815 3913 3014 3975 quam
3060 3912 3191 3954 ma·

612 4001 765 4074 ioris
812 4002 1124 4086 momenti
1172 4000 1368 4064 fuisse
1417 4001 1693 4065 Grosser
1739 4005 1963 4067 statuit
1994 4013 2059 4066 et
2087 4014 2374 4067 statuere
2417 4006 2635 4079 debet,
2672 4003 2985 4076 omisisse,
3039 4002 3194 4064 alte-

606 4129 764 4186 ram,
811 4131 1011 4191 quam
1044 4131 1237 4173 nemo
1284 4110 1417 4174 fere
1445 4123 1705 4194 praeter
1752 4134 1865 4176 eos
1913 4115 2175 4196 dignam
2207 4115 2523 4190 habuerit,
2575 4116 2758 4179 cuius
2790 4115 3199 4186 mentionem

600 4220 858 4293 faceret,
911 4222 1157 4292 diserte*
1192 4224 1565 4287 narravisse.
1641 4222 1752 4287 Sin
1800 4224 2104 4305 fingimus
2149 4247 2247 4299 ea,
2296 4247 2462 4308 quae
2505 4227 2765 4306 Trogus
2812 4225 3195 4299 narraverit,

598 4351 634 4392 e
695 4330 1134 4413 Xenophonte
1194 4333 1481 4397 derivata
1539 4355 1716 4408 esse,
1791 4335 1928 4397 sive
1997 4336 2135 4417 ipse
2195 4336 2651 4420 Xenophontis
2710 4336 3024 4399 hellenica
3084 4356 3201 4398 ex-

593 4441 849 4525 scripsit
918 4442 1054 4504 sive
1113 4442 1251 4505 eius
1315 4442 1458 4509 fons
1524 4465 1560 4509 e
1635 4445 2071 4531 Xenophonte
2147 4445 2379 4525 hausit,
2455 4447 2705 4526 iterum,
2770 4447 2821 4512 si
2893 4444 3204 4512 Grosseri
