3459 5050
1559 298 1732 364 39-

298 519 460 584 pace
523 499 825 580 egissent,
888 499 965 561 in.
1009 499 1143 560 eius
1207 499 1407 562 verba
1463 500 1789 570 iuravisse,
1851 499 1966 561 sed
2016 498 2406 560 urbanorum
2454 496 2779 577 legatione
2827 495 2891 557 in

296 611 639 673 Piraeeum
687 621 754 673 et
802 610 1098 672 exsulum
1145 611 1208 673 in
1256 612 1485 673 urbem
1530 611 1725 672 missa
1774 629 2002 672 omnes
2065 609 2398 692 utriusque
2459 608 2662 692 partis
2724 606 2899 668 viros

300 722 707 783 iureiurando
755 723 1102 785 obstrictos
1135 741 1293 782 esse.
1391 721 1581 801 Quae
1629 720 1949 782 sententia
1985 719 2286 781 *firmatur
2332 719 2440 791 eis,
2489 737 2657 797 quae
2688 716 2891 781 Thra-

299 831 567 911 sybulus
630 832 692 913 (§
751 834 860 916 42)
921 852 1075 893 suos
1133 830 1320 893 huius
1383 831 1788 893 iurisiurandi
1855 830 2449 894 commonefaciens
2508 828 2692 890 dicitt
2766 817 2897 889 »ὧν

301 937 719 1024 ὀμωμόκατεα
776 952 840 1004 et
910 939 1203 1025 »εὔορκοι
1268 942 1376 1004 καὶ
1439 934 1602 1023 ὅσιοί
1667 938 1872 1006 ἐστει.
1971 940 2169 1003 Cuius
2234 937 2633 1002 iurisiurandi
2699 937 2899 1002 verba
2953 964 2956 971 ·

301 1072 470 1136 quae
519 1050 772 1124 suerint,
824 1053 1090 1114 inveniri
1139 1072 1269 1113 non
1334 1062 1573 1134 potest,
1625 1053 1798 1136 quia,
1867 1050 2200 1113 nisitforte
2248 1050 2624 1112 Andocides
2671 1048 2697 1109 I
2753 1064 2893 1126 103,
2985 1128 2986 1131 Ἴ

299 1162 473 1224 haud
521 1163 655 1224 scio
702 1184 785 1225 an
831 1183 1024 1225 nemo
1070 1163 1205 1225 eius
1254 1161 1449 1224 faciat
1490 1164 1908 1226 mentionem.
2000 1162 2255 1224 Eodem
2305 1171 2525 1223 autem
2569 1160 2895 1222 modo·ac

299 1294 496 1357 supra
555 1275 618 1355 (ξ
681 1276 740 1357 7)
803 1273 1390 1335 demonstravimus
1447 1272 1637 1335 huius
1698 1274 1877 1354 pacis
1938 1273 2430 1335 condicionibus
2492 1291 2622 1345 nQn
2687 1269 2898 1332 solum

301 1384 728 1445 constitutum
762 1404 923 1456 esse,
975 1403 1145 1468 quae
1179 1383 1342 1446 ratio
1376 1384 1706 1446 exsulibus
1739 1403 1901 1445 cum
1937 1384 2199 1446 urbanis
2249 1384 2672 1446 intercessura
2705 1389 2894 1453 esset,

300 1495 415 1556 sed
465 1495 661 1557 etiam
711 1514 880 1577 quae
930 1495 1217 1578 utrisque
1283 1514 1432 1558 cum
1481 1494 2036 1568 Lacedaemoniis,
2104 1515 2273 1557 nunc
2335 1493 2756 1556 statuendum
2804 1500 2902 1553 est

302 1605 535 1666 eodem
585 1605 1013 1677 iureiurand0,
1067 1605 1245 1688 quod
1295 1605 1375 1666 de
1425 1605 1913 1667 condicionibus
1984 1606 2333 1678 dedissent,
2385 1617 2692 1688 utrosque
2742 1622 2900 1683 erga

299 1714 859 1778 Lacedaemonios
920 1717 1272 1779 obstrictos
1337 1735 1480 1777 esse
1540 1726 1613 1778 et
1669 1736 1790 1776 suo
1850 1715 2258 1778 iureiurando
2321 1713 2899 1785 LacedaemoniOS,

302 1846 583 1908 quorum
629 1847 850 1906 regem
885 1837 950 1888 et
995 1826 1278 1905 ephoros
1321 1826 1486 1903 duos
1531 1835 1596 1887 et
1641 1826 1893 1907 legatos
1955 1825 2328 1910 quindecim
2373 1825 2676 1887 iuravisse
2721 1831 2899 1907 puta·

301 1936 534 2010 verim,
568 1928 755 2017 'erga
816 1937 1253 1999 Athenienses
1311 1937 1821 2017 coniungendOS.
1922 1936 2090 1998 Nam
2151 1935 2345 1998 etiam
2404 1934 2531 1996 hoc
2595 1944 2898 2017 oportere

244 2084 250 2091 ·
306 2044 546 2107 factum
616 2067 776 2121 esse,
850 2058 1204 2127 antequam
1274 2067 1344 2108 se
1413 2048 1885 2127 coniungerent
1956 2056 2021 2108 et
2087 2046 2180 2108 sic
2250 2065 2480 2125 pacem
2549 2044 2925 2118 efficerent,

309 2166 611 2234 apertum
656 2167 773 2223 est.

514 2267 813 2330 Pluribus
859 2268 1075 2330 verbis
1120 2269 1357 2330 deinde
1387 2266 1663 2330 Grosser
1711 2264 1965 2330 disserit
2010 2268 2093 2329 de
2135 2266 2593 2348 Xenophontis
2640 2267 2890 2328 verbis:

308 2375 399 2440 »εἰ
445 2377 515 2440 δέ
556 2401 730 2452 τινες
775 2382 1090 2459 φοβοῖντο
1135 2386 1273 2442 τῶν
1318 2376 1385 2462 ἐξ
1444 2373 1696 2454 ἄστεος,
1747 2374 1962 2460 ἔδοξεν
2026 2373 2247 2451 αὐτοῖς
2301 2372 2627 2441 Ἐλευσῖνα
2685 2397 2895 2439 κατοι-

299 2500 502 2562 κεῖ-να,
576 2508 743 2573 quae
803 2491 995 2552 docet
1069 2511 1196 2552 non
1270 2489 1666 2552 condicionis
1738 2509 1881 2552 esse
1945 2498 2217 2573 partem,
2284 2508 2480 2571 quam
2546 2507 2665 2550 nos
2709 2506 2904 2571 supra

302 2601 366 2681 (ξ
418 2599 484 2681 2)
531 2599 877 2662 habuimus
924 2612 990 2662 et
1035 2620 1262 2662 omnes
1309 2612 1458 2663 ante
1507 2621 1659 2663 eum
1716 2601 2103 2672 habuerunt,
2166 2600 2282 2660 sed
2330 2598 2658 2680 scriptoris
2705 2599 2903 2682 ipsius

302 2712 844 2785 enunciationem,
914 2731 1110 2795 quam
1173 2712 1560 2774 sententiam
1622 2711 2024 2795 probandam
2082 2729 2213 2772 non
2274 2730 2436 2784 esse,
2504 2699 2903 2794 quamquam

299 2820 560 2883 Curtius
606 2822 641 2883 l.
693 2824 732 2886 1.
792 2822 877 2883 111
922 2821 985 2904 p.
1042 2835 1163 2900 753
1230 2833 1447 2884 annot.
1513 2838 1592 2882 22
1644 2841 1795 2883 eam
1855 2821 2197 2901 acceperit,
2252 2822 2366 2882 vix
2425 2830 2541 2892 est,
2609 2839 2722 2881 cur
2795 2820 2897 2880 de-

302 2937 715 3004 monstretur,
767 2933 918 3014 quia
965 2953 1095 3013 ego
1143 2932 1409 3014 quidem
1457 2933 1906 3005 dubitaverim,
1959 2952 2113 2993 num
2163 2941 2421 3013 praeter
2467 2929 2761 2993 Curtium
2794 2929 2899 2990 ulli

301 3044 441 3103 viro
492 3043 690 3104 docto
738 3053 848 3105 aut
896 3042 1212 3124 placuerit
1258 3052 1369 3105 aut
1415 3042 2030 3124 umquamplacere
2076 3044 2301 3124 possit,
2353 3063 2503 3105 nam
2538 3041 2904 3123 complures

298 3162 365 3214 et
412 3172 686 3233 magnae
735 3152 1144 3217 difficultates
1191 3155 1249 3216 ei
1297 3155 1580 3227 obstant,
1630 3173 1751 3233 pro
1785 3173 1862 3215 ea
1892 3174 1973 3215 ne
2019 3174 2216 3215 unum
2251 3154 2514 3235 quidem
2557 3172 2895 3234 argumen-

297 3274 440 3325 tum
487 3272 662 3325 recte
709 3263 915 3324 afferri
965 3273 1198 3344 potest.
1299 3263 1369 3326 Si
1414 3264 1577 3327 haec
1623 3264 1823 3325 verba
1854 3264 2253 3326 condicionis
2300 3284 2452 3345 pars
2500 3284 2631 3326 non
2665 3274 2898 3335 essent,

260 3371 473 3435 'male
520 3374 770 3454 positus
834 3383 1005 3437 esset
1066 3375 1394 3456 optativus
1454 3378 1785 3455 φοβοῖντο,
1836 3375 1954 3437 sed
2016 3376 2325 3457 quoniam
2367 3394 2468 3435 res
2531 3394 2681 3436 vere
2732 3373 2902 3435 sacta

296 3493 440 3545 tum
487 3483 767 3546 indicata
816 3494 1005 3559 esset,
1079 3486 1459 3547 indicativus
1518 3485 1929 3547 adhibendus
1995 3484 2133 3559 fuit,
2208 3504 2624 3566 nequaquam
2682 3493 2900 3546 autem

298 3594 426 3654 dici
471 3594 685 3674 potuit
731 3589 973 3672 αὐτοῖς,
1023 3596 1200 3677 quod
1247 3596 1330 3657 ad
1377 3594 1550 3669 τινές
1602 3585 1819 3657 referri
1867 3615 1995 3657 non
2030 3605 2268 3678 potest,
2305 3596 2367 3657 id
2403 3596 2582 3678 quod
2627 3593 2904 3658 Grosser

298 3705 444 3786 ipse
488 3704 667 3777 vidit,
719 3705 834 3766 sed
887 3725 1035 3767 cum
1094 3726 1174 3767 eo
1242 3702 1564 3780 »αὐτοῐς«,
1625 3705 1807 3787 quod
1854 3727 2083 3768 omnes
2145 3707 2403 3768 codices
2452 3706 2785 3788 praebent,
2839 3706 2902 3766 in

303 3812 639 3889 ›zozimae‹
694 3824 946 3877 mutare
995 3825 1093 3878 est
1149 3816 1524 3879 coniectura
1589 3817 1914 3890 audacior,
1987 3837 2184 3900 quam
2251 3838 2419 3899 quae
2481 3817 2650 3892 nulla
2708 3836 2903 3879 causa

292 3933 576 4004 cogente
624 3925 875 3987 admitti
921 3927 1143 4008 possit.
1241 3926 1588 3989 Praeterea
1634 3929 1835 3990 verba
1873 3929 2038 4008 ‚ipsa
2102 3928 2259 3990 satis
2321 3929 2675 3990 ostendunt
2733 3927 2902 3988 hanc

294 4055 443 4097 esse
489 4037 666 4117 pacis
713 4038 1186 4110 condicionem,
1239 4057 1389 4099 nam
1437 4038 1497 4098 in
1548 4058 1614 4100 re
1660 4059 1818 4101 vera
1852 4049 2103 4101 narrata
2150 4058 2361 4119 neque
2401 4038 2718 4100 sententia
2751 4057 2899 4100 con-

295 4146 635 4207 dicionalis
682 4157 835 4228 apta
898 4158 996 4209 est
1058 4168 1266 4230 neque
1327 4149 1599 4210 verbum
1670 4145 1983 4233 »angen«,
2044 4149 2159 4211 sed
2220 4148 2747 4211 verisimillimum
2806 4158 2904 4210 est

293 4267 440 4318 tum
488 4275 636 4317 eum
670 4259 1043 4339 simpliciter
1066 4269 1470 4321 narraturum
1504 4259 1732 4326 fuisse:
1768 4257 2181 4344 κατῴκησαν.
2277 4259 2532 4340 Quibus
2557 4259 2660 4320 ·de
2692 4259 2902 4321 causis

292 4366 351 4427 si
401 4363 696 4427 Grosseri
744 4369 1064 4431 sententia
1112 4369 1456 4432 reiicienda
1501 4381 1617 4444 est,
1684 4373 1895 4453 neque
1956 4371 2019 4432 in
2080 4390 2377 4433 connexu
2443 4389 2653 4431 rerum
2724 4369 2901 4451 quid-

295 4495 498 4557 quam
544 4476 730 4549 inest,
783 4480 959 4559 quod
1009 4480 1336 4574 impediat,
1388 4482 1732 4562 quominus
1779 4502 1818 4543 a
1866 4481 2356 4563 paciscentibus·
2407 4479 2533 4541 hoc
2563 4487 2902 4542 :statutum

3063 4583 3216 4618 {LE-anu
