3459 5050
1834 360 1909 404 12

549 560 722 624 hunc
768 558 985 624 locum
1031 578 1173 622 esse
1217 558 1723 640 intellegendum
1769 557 1929 621 infra
1976 558 2040 638 (ξ
2097 559 2197 641 15)
2240 555 2625 621 videbimuS.
2720 556 2791 616 ln
2841 575 2969 636 qua
3000 575 3146 617 con·

550 671 731 734 tione
788 670 1237 751 Thrasybulus
1299 668 1528 731 habuit
1593 670 1977 741 orationem,
2031 686 2229 746 quam
2297 665 2671 749 Xenophon
2751 686 2880 728 non
2937 675 3151 728 totam

551 779 943 844 verbotenus
988 780 1177 842 nobis
1223 779 1507 852 tradidit,
1559 798 1689 859 qua
1736 779 2018 858 primum
2079 777 2161 838 ad
2213 776 2515 849 urban'OS,
2564 773 2716 850 τοὺς
2778 775 2844 859 ἐξ
2904 772 3158 855 ἄστεος,

549 910 619 953 se
667 890 1006 964 convertit,
1059 910 1224 969 quos
1271 889 1486 952 verbis
1532 888 1963 951 acerbissimis
2009 887 2093 948 ad
2142 887 2531 949 modestiam
2580 896 2863 956 revocat.
2910 887 3152 951 ,deinde

548 1002 635 1063 ad
705 1000 962 1063 exsules
1033 1020 1343 1074 reversos,
1410 996 1562 1088 τοὺς
1634 996 1707 1061 ἐκ
1766 1000 1888 1061 τοῦ
1950 1000 2304 1080 Πειραιῶς,
2382 1017 2546 1076 quos
2617 996 3022 1074 adhortatur,
3084 1007 3154 1060 ut

553 1130 788 1192 pacem
834 1118 1112 1176 servent.
1210 1109 1464 1189 Quibus
1512 1108 1696 1171 factis
1763 1108 1911 1170 novi
1974 1108 2396 1188 magistratus
2454 1108 2652 1170 creati
2714 1117 2867 1170 sunt
2931 1116 2996 1169 et
3053 1128 3155 1170 res

553 1219 833 1301 publica,
887 1219 1091 1298 qualis
1136 1229 1287 1281 ante
1332 1220 1766 1299 trigintaviros
1816 1219 2143 1280 institutos
2194 1216 2419 1291 fuerat,
2470 1228 2795 1297 quatenus
2839 1219 2966 1280 iam
2993 1227 3150 1291 tum,

552 1350 700 1392 cum
747 1349 1022 1408 magnus
1071 1330 1305 1390 civium
1353 1349 1656 1391 numerus
1704 1329 2007 1390 Eleusine
2039 1337 2196 1413 erat.
2232 1327 2366 1389 fieri
2412 1329 2643 1406 potuit,
2695 1329 2993 1391 restituta
3030 1338 3146 1390 est.

765 1481 1131 1544 Posteriore
1178 1491 1395 1544 autem
1444 1491 1758 1561 tempore,
1810 1482 2117 1560 quamdiu
2179 1489 2330 1559 post
2389 1480 2629 1542 factum
2676 1481 2776 1554 sit,
2841 1502 2877 1543 e
2941 1482 3154 1543 verbis

560 1586 849 1676 »ὑστέρῳ
897 1591 962 1655 δὲ
1004 1594 1265 1676 χρόνῳ(
1320 1592 1537 1673 colligi
1584 1613 1713 1655 non
1763 1600 2001 1674 potest,
2051 1590 2168 1653 sed
2216 1612 2299 1652 ex
2348 1591 2456 1662 eiS,
2507 1610 2676 1669 quae
2720 1591 2821 1652 alii
2870 1591 3150 1664 tradunt,

549 1702 710 1765 infra
797 1704 860 1785 (ξ
923 1704 993 1784 4)
1074 1703 1424 1783 colligetur,
1510 1703 1942 1765 Athenienses
2017 1702 2399 1763 audiverunt
2464 1721 2596 1771 eos,
2672 1701 2778 1779 qui
2847 1701 3157 1762 Eleusina

512 1813 779 1897 hurbem
822 1800 1148 1885 tenebant,
1200 1813 1234 1873 i.
1265 1832 1321 1879 e.
1385 1814 1827 1893 trigintaviros
1873 1832 2023 1875 cum
2071 1811 2294 1873 amicis
2341 1811 2490 1883 suis,
2538 1812 2970 1874 mercenarios
3003 1832 3150 1873 con·

554 1923 807 1990 ducere.
836 1931 905 1984 ut
938 1922 1181 1984 civibus
1216 1923 1416 1985 modo
1452 1923 1878 1985 reconciliatis
1926 1922 2168 1983 bellum
2202 1920 2524 1994 inferrent,
2575 1940 2783 1999 eaque
2832 1922 2914 1983 de
2962 1940 3156 1982 causa

553 2032 765 2094 cuncti
814 2032 1301 2115 expeditionem
1348 2039 1572 2091 contra
1620 2050 1735 2091 eos
1781 2028 2086 2092 fecerunt.
2183 2032 2414 2110 Neque
2477 2052 2633 2093 vero
2691 2033 2752 2093 vi
2816 2053 2930 2093 eos
2993 2033 3153 2094 vice-

552 2151 700 2204 runt
753 2150 951 2221 atque
1015 2141 1242 2204 urbem
1312 2149 1646 2219 ceperunt,
1707 2141 1824 2201 sed
1900 2160 2015 2221 per
2086 2139 2376 2203 fraudem
2439 2143 2897 2221 turpissimam,
2970 2144 3151 2205 cuius

553 2250 991 2314 Athenienses
1051 2252 1230 2330 ipsos
1288 2260 1519 2331 postea
1579 2250 1978 2330 poenituisse
2046 2271 2129 2312 ex
2185 2272 2266 2313 eo
2328 2253 2679 2315 concludat
2757 2255 2919 2333 quis,
2974 2253 3150 2332 quod

552 2362 873 2425 rarissime
918 2362 1052 2423 eius
1101 2362 1344 2424 mentio
1396 2361 1563 2423 facta
1611 2370 1725 2426 est.
1823 2360 2040 2421 Duces
2087 2361 2260 2422 enim
2319 2383 2546 2424 eorum
2608 2362 2690 2424 ad
2755 2363 3152 2442 colloquium

554 2470 802 2533 elicitos
849 2469 1320 2535 interfecerunt.
1416 2470 1668 2551 Quibus
1733 2470 2081 2533 interfectis
2142 2473 2370 2535 ceteris
2434 2492 2552 2553 per
2612 2473 2857 2536 amicos
2926 2493 3156 2535 eorum

556 2590 622 2643 et
667 2591 983 2662 cognatos
1029 2582 1111 2643 ad
1159 2602 1274 2644 eos
1323 2582 1554 2645 missos
1602 2591 2082 2660 persuaserunt,
2151 2591 2219 2644 ut
2266 2603 2417 2644 cum
2484 2584 2732 2646 civibus
2789 2584 2919 2645 suis
2985 2584 3150 2664 prio-

554 2690 729 2753 ribus
774 2691 836 2752 in
883 2692 1157 2772 gratiam
1205 2692 1485 2753 redirent
1553 2701 1620 2753 et
1680 2693 1746 2753 in
1818 2693 2048 2754 urbem
2113 2703 2598 2755 reverterentur.
2696 2693 2847 2773 Quo
2919 2704 3149 2756 autem

558 2801 764 2881 magis
813 2809 1025 2862 metus
1073 2811 1138 2863 et
1169 2801 1261 2863 eis
1298 2810 1363 2863 et
1394 2801 1548 2875 aliis,
1587 2802 1823 2882 quibus
1883 2801 2119 2881 aliquid
2164 2804 2585 2865 metuendum
2621 2812 2774 2877 erat,
2827 2804 3160 2866 tolleretur

557 2919 623 2972 et
681 2911 1032 2973 concordia
1101 2910 1264 2972 inter
1321 2917 1549 2973 omnes
1610 2912 1785 2973 cives
1843 2911 1970 2973 hoc
2035 2914 2236 2975 modo
2316 2913 2762 2975 reconciliatos
2844 2923 3153 2986 maneret,

556 3021 777 3082 omnia
823 3022 1078 3095 delicta,
1146 3041 1312 3101 quae
1375 3021 1635 3084 civitate
1669 3021 2073 3100 ‹perturbata
2133 3022 2482 3084 commissa
2546 3032 2782 3095 essent,
2849 3024 3154 3085 oblivioni

558 3129 775 3192 danda
834 3151 978 3192 esse
1039 3131 1406 3193 iuraverunt
1464 3131 1586 3204 vel,
1654 3140 1724 3192 ut
1789 3131 2048 3193 brevius
2111 3132 2338 3203 dicam,
2388 3132 2704 3193 amnestia
2750 3133 3012 3195 decreta
3060 3143 3158 3196 est

557 3221 778 3303 οῖ’ἀία
826 3250 1097 3303 servata.

770 3370 953 3433 Haec
996 3380 1146 3434 sunt
1194 3392 1293 3434 res
1342 3392 1422 3434 eo
1472 3380 1768 3453 tempore
1813 3381 2056 3452 gestae,
2109 3392 2386 3451 quarum
2437 3374 2604 3436 duae
2652 3375 2962 3453 imprimis
2998 3383 3151 3436 sunt

559 3479 882 3543 notandae
931 3489 995 3542 et
1044 3481 1394 3544 memoriae
1427 3480 1823 3561 infigendae:
1859 3502 1991 3562 pax
2037 3482 2351 3544 Pausania
2398 3492 2662 3544 auctore
2695 3484 2860 3545 inter
2898 3483 3155 3546 exsules

554 3597 624 3652 et
673 3590 954 3651 urbanos
1004 3590 1174 3652 facta
1223 3601 1289 3653 et
1333 3592 1648 3652 amnestia
1691 3590 1994 3653 Eleusine
2044 3601 2425 3670 recuperata
2469 3593 2553 3654 ab
2606 3594 2907 3655 omnibus
2956 3594 3155 3656 Athe-

561 3698 889 3762 niensibus
940 3701 1363 3763 reconciliatis
1412 3701 1821 3762 iureiurando
1868 3711 2115 3763 sancta.

777 3852 818 3930 ξ
866 3867 922 3929 3.
1033 3851 1327 3930 Quarum
1389 3872 1603 3914 rerum
1669 3852 1941 3915 alteram
2005 3863 2251 3927 narrat,
2318 3854 2584 3917 alteram
2652 3855 2841 3933 plane
2909 3856 3151 3918 omittit

556 3960 1002 4034 DiodoruS,
1055 3962 1158 4040 qui
1206 3961 1288 4023 de
1337 3962 1435 4023 his
1483 3963 1674 4024 rebus
1719 3963 1826 4024 lib.
1874 3963 2030 4025 XIV
2073 3983 2216 4044 cap.
2268 3980 2344 4043 33
2400 3967 2440 4044 ξ
2484 3965 2526 4026 6
2575 3965 2952 4027 brevissime
3000 3966 3156 4028 dicit

556 4068 788 4131 haece:
847 4071 1264 4143 »Παυσανίας
1292 4119 1485 4137 .....
1514 4066 1809 4155 ἀνέζευξε
1852 4070 2013 4154 μετὰ
2052 4073 2391 4155 δυνάμεως
2438 4077 2687 4159 πολλῆς
2733 4075 2843 4138 καὶ
2875 4098 3155 4159 παραγε-

554 4179 780 4262 νηθεὶς
823 4177 914 4253 εἰς
954 4174 1234 4263 Ἀθήνας
1281 4176 1576 4265 διήλλαξε
1637 4179 1789 4256 τοὺς
1848 4180 1920 4245 ἐν
1982 4186 2065 4265 τῇ
2128 4180 2315 4247 πόλει
2384 4180 2553 4265 πρὸς
2618 4182 2775 4259 τοὺς
2839 4181 3148 4268 φυγάδας.

552 4283 776 4371 διόπερ
805 4283 1125 4371 Ἀθηναῖοι
1169 4289 1287 4372 μὲν
1318 4288 1701 4372 ἐκομίσαντο
1732 4290 1856 4377 τὴν
1887 4293 2187 4376 πατρίδα,
2221 4293 2329 4356 καὶ
2376 4291 2456 4357 τὸ
2503 4291 2739 4358 λοιπὸν
2769 4307 2907 4370 τοῖς
2955 4294 3140 4370 ἰδίοις

553 4393 1276 4480 νόμοιςέπολιτεύοντο,
1310 4412 1446 4474 τοῖς
1478 4396 2048 4484 δἐὐλαβουμένοις,
2081 4404 2170 4486 μή
2193 4426 2257 4467 τι
2284 4398 2553 4465 πάθωσι
2586 4400 2691 4466 διὰ
2724 4401 2809 4467 τὰ
2837 4401 3153 4488 γενόμενα

551 4505 722 4572 κατὰ
746 4505 826 4572 τὸ
850 4506 1111 4591 συνεχὲς
1131 4505 1354 4574 αὐτῶν
1379 4506 1746 4597 ἀδικήματα
1769 4509 1894 4597 τὴν
1920 4507 2246 4578 Ἐλευσῖνα
2269 4525 2601 4577 κατοικεῖν
2634 4512 3108 4600 συνεχώρησαν.
3126 4541 3148 4574 e
