3459 5050
1646 324 1715 398 51

380 553 552 597 anno
603 549 748 614 399,
798 533 1091 598 habitam
1140 518 1298 596 esse.
1395 535 1548 616 Quo
1597 536 1862 597 tandem
1909 535 2110 598 modo
2170 544 2310 598 tum
2364 535 2492 599 hoc
2539 538 2980 600 iusiurandum

377 646 590 708 valere
652 647 900 728 potuit,
980 647 1032 706 si
1093 647 1270 728 prior
1347 647 1660 708 amnestia
1717 666 1799 707 eo
1861 655 2082 708 sancta
2149 647 2324 709 erat?
2415 647 2582 710 Nam
2631 648 2683 707 si
2747 640 2852 721 illa
2921 668 2981 710 a·

309 752 314 758 ’
381 757 660 821 mnestia
707 756 908 819 altera
958 756 1219 818 decreta
1264 766 1455 819 aucta
1504 766 1568 819 et
1614 767 1866 820 mutata
1929 766 2132 831 esset,
2195 759 2544 838 oportebat
2605 759 2980 840 posterioris

379 868 821 930 iusiurandum
870 878 1009 930 tum
1042 868 1271 942 valere,
1324 869 1597 930 alterum
1634 879 1855 930 autem
1889 867 2118 930 falsum
2151 879 2305 942 erat,
2344 870 2651 951 quoniam
2683 867 2976 930 Grosseri

375 980 694 1040 sententia
739 980 1124 1058 trigintaviri
1159 977 1474 1041 interfecti
1510 988 1575 1040 et
1609 980 2026 1043 undecimviri
2061 979 2539 1059 decemvirique
2582 979 2975 1053 PiraeenseS,

374 1108 539 1167 quos
601 1089 752 1151 addi
815 1089 983 1162 vult,
1046 1099 1185 1151 tum
1246 1090 1603 1151 amnestiae
1667 1091 1956 1171 exempti
2015 1109 2146 1150 non
2206 1099 2405 1155 erant.
2502 1091 2692 1152 Esset
2751 1099 2971 1151 autem

306 1175 320 1185 ’
374 1200 439 1260 id
489 1219 752 1279 quoque
799 1200 1029 1262 falsum
1080 1182 1308 1263 omnes
1356 1201 1561 1273 civeS,
1613 1200 1788 1279 apud
1838 1219 2001 1279 quos
2048 1199 2427 1261 Andocides
2476 1220 2734 1261 causam
2797 1199 2970 1272 dicit,

371 1309 496 1371 hoc
564 1311 972 1373 iureiurando
1042 1312 1389 1374 obstrictos
1462 1331 1619 1383 esse,
1694 1332 1841 1372 nam
1905 1311 2083 1393 prior
2152 1311 2468 1372 amnestia
2537 1311 2767 1372 sanciri
2839 1329 2970 1370 non

372 1422 605 1502 potuit,
658 1422 775 1483 nisi
825 1423 909 1483 ab
957 1423 1066 1495 eiS,
1118 1423 1227 1501 qui
1268 1422 1332 1483 in
1368 1424 1527 1484 urbe
1560 1431 1947 1495 manserant,
1993 1431 2075 1494 et,
2115 1422 2224 1500 qui
2272 1441 2308 1482 e
2354 1421 2616 1483 Pira‘eeo
2648 1422 2711 1482 in
2744 1421 2972 1482 urbem

373 1531 714 1605 redierant,
768 1553 939 1594 anno
986 1542 1204 1594 autem
1259 1549 1386 1612 399
1435 1534 1492 1595 ei
1542 1551 1806 1611 quoque
1867 1552 2097 1594 omnes
2156 1534 2218 1594 in
2282 1534 2441 1595 urbe
2500 1531 2795 1605 aderant,
2864 1531 2971 1610 qui

374 1662 520 1704 cum
582 1643 1002 1722 trigintaviris
1048 1643 1352 1704 Eleusine
1413 1653 1525 1704 aut
1583 1642 1712 1704 iam
1775 1642 2029 1706 fuerant
2090 1652 2200 1705 aut
2248 1644 2425 1723 pacis
2472 1633 2963 1703 condicionibus

372 1754 758 1834 compositis
806 1754 889 1814 ad
938 1773 1052 1815 eos
1097 1773 1166 1814 se
1214 1753 1638 1842 contulerant.

587 1864 844 1943 Quibus
892 1864 973 1925 de
1022 1865 1233 1925 causis
1278 1884 1428 1925 cum
1490 1864 1615 1925 hoc
1688 1865 2127 1926 iusiurandum
2194 1883 2324 1925 non
2389 1864 2472 1925 ad
2519 1864 2708 1925 aliam
2757 1882 2970 1925 amne-

372 1976 564 2036 stiam
630 1996 829 2058 quam
890 1984 1176 2036 nostram
1225 1993 1419 2035 unam
1469 1972 1686 2036 referri
1735 1977 1959 2054 possit,
2009 1975 2131 2038 hac
2176 1996 2371 2038 causa
2431 1975 2638 2040 coacti
2698 1993 2828 2034 non
2872 1994 2970 2034 su·

373 2104 519 2145 mus
589 2105 737 2145 cum
785 2083 1099 2146 Grossero
1169 2083 1520 2167 multisque
1591 2085 1727 2146 aliis
1796 2105 1941 2147 eam
2009 2086 2375 2160 lectionem,
2449 2083 2971 2164 quamtcodices

376 2195 711 2273 praebent,
766 2203 1034 2256 mutare.
1129 2195 1363 2256 Exstat
1410 2196 1615 2257 enim:
1674 2197 1814 2259 »καὶ
1865 2192 1942 2258 οὐ
1985 2196 2449 2280 μνησικακήσω
2493 2203 2631 2259 τῶν
2677 2197 2972 2257 πολιτῶν

376 2300 588 2367 οὐδενὶ.
637 2304 814 2388 πλὴν
859 2312 998 2368 τῶν
1042 2304 1405 2388 τριάκοντα
1451 2307 1559 2369 καὶ
1606 2314 1744 2370 τῶν
1806 2302 2092 2372 ἕνδεκαι.
2191 2307 2520 2386 Quoniam
2582 2314 2802 2368 autem
2847 2303 2968 2365 Xe-

374 2415 641 2494 nophon
692 2415 791 2477 1.l.
845 2437 883 2476 a
928 2434 1091 2495 pace
1123 2416 1422 2477 exclusos
1469 2426 1726 2495 praeter
1756 2416 1876 2477 hos
1911 2418 2107 2478 etiam
2152 2417 2555 2478 decemviros
2596 2416 2967 2477 Piraeenses

374 2527 575 2599 affert,
634 2526 951 2600 ValesiuS,
1019 2546 1213 2608 quem
1278 2526 1632 2590 Schneider
1692 2537 1756 2589 et
1802 2528 2188 2592 Turicenses
2249 2528 2452 2589 secuti
2500 2536 2666 2600 sunt,
2719 2525 2967 2588 addidit

370 2638 571 2698 verba
625 2637 769 2700 »καὶ
816 2644 953 2701 τῶν
1019 2636 1244 2710 δέκαι,
1308 2640 1415 2721 qui
1468 2641 1860 2713 accuratiuS‚
1924 2659 2004 2700 ne
2062 2659 2213 2700 cum
2277 2638 2654 2700 decemviris
2710 2636 2969 2697 urbanis
3025 2711 3027 2713 q

361 2748 962 2821 commiscerentur,
1029 2749 1404 2809 nominandi
1466 2759 1645 2811 erant
1700 2758 1874 2813 »τῶν
1933 2747 2004 2812 ἐν
2051 2752 2339 2832 Πειραιεῖ
2380 2748 2567 2812 δέκα(
2635 2747 2738 2808 vel
2793 2753 2966 2809 »τῶν

372 2853 444 2919 ἐν
486 2859 776 2940 Πειραιεῖ
817 2854 1167 2940 ἀρξάντων
1212 2856 1427 2932 δέπαι,
1480 2879 1646 2939 quae
1709 2862 1906 2922 verba
1966 2860 2323 2924 necessarie
2387 2859 2584 2952 etiam
2629 2857 2962 2925 Grossero‚

373 2968 526 3048 quia
571 2967 697 3028 hoc
747 2967 1190 3031 iusiurandum
1236 2970 1319 3048 ad
1368 2969 1650 3049 priorem
1699 2972 2086 3033 amnestiam
2133 2991 2319 3032 suam
2367 2969 2576 3042 refert,
2629 2966 2967 3029 inserenda

373 3087 542 3142 sunt.
638 3077 787 3158 Qua
831 3081 1190 3141 mutatione
1237 3100 1456 3141 carere
1503 3090 1779 3159 possunt
1827 3083 1902 3155 ei,
1955 3082 2065 3164 qui
2115 3080 2323 3142 sciunt
2370 3078 2529 3140 falso
2577 3078 2735 3139 haec
2767 3078 2966 3138 verba

373 3188 457 3249 ad
503 3187 957 3270 Xenophontis
1003 3189 1218 3250 locum
1267 3189 1599 3252 laudatum
1647 3190 1884 3264 referri,
1934 3201 2016 3264 et,
2069 3199 2139 3252 ut
2187 3209 2381 3269 supra
2429 3189 2492 3269 (ἓ
2540 3189 2603 3268 6)
2660 3187 2958 3267 exposui-

373 3317 536 3373 mUS,
586 3299 967 3362 decemviris
1013 3300 1455 3363 Piraeensibus
1504 3302 1820 3362 amnestia
1877 3302 2137 3363 decreta
2195 3300 2383 3374 venia
2446 3301 2597 3360 data
2656 3318 2797 3359 esse
2853 3317 2964 3377 po·

373 3416 520 3473 test.
599 3408 915 3470 Attamen
948 3391 1439 3473 concedendum
1474 3419 1570 3472 est
1603 3421 1730 3472 non
1765 3411 1954 3473 valde
1984 3411 2327 3472 verisimile
2360 3428 2500 3471 esse
2530 3407 2965 3480 Athenienses

368 3517 470 3579 his
513 3520 768 3581 veniam
816 3520 1088 3592 dedisse,
1139 3522 1401 3594 ceteris,
1466 3540 1629 3600 quos
1676 3542 1714 3581 a
1773 3540 1936 3600 pace
1999 3521 2434 3593 excluserant,
2498 3539 2627 3580 non
2686 3517 2961 3589 dedisse,

374 3647 588 3711 neque
637 3629 724 3690 ita
770 3628 1111 3692 difficulter
1156 3629 1316 3692 haec
1362 3632 1562 3692 verba
1611 3630 1909 3692 excidere
1955 3641 2323 3713 potuerunt.
2419 3629 2697 3692 Accedit
2741 3636 2999 3689 autem.

370 3738 564 3816 aliud,
614 3741 794 3823 quod
842 3741 1036 3801 etiam
1085 3743 1294 3821 magis
1338 3742 1525 3803 nobis
1570 3762 1832 3825 quoque
1865 3743 2152 3816 suadeat,
2204 3739 2274 3803 ut
2324 3741 2492 3802 illam
2528 3739 2962 3800 coniecturam

368 3849 781 3928 accipiamus.
878 3850 1080 3912 Meier
1146 3851 1265 3912 >de
1328 3852 1517 3914 bonis
1576 3852 2093 3925 damnatorum«,
2154 3874 2211 3915 a.
2270 3855 2453 3929 1819,
2505 3869 2567 3929 p.
2627 3851 2744 3911 188
2794 3847 2963 3909 hunc

366 3958 552 4019 affert
597 3959 813 4021 locum
849 3981 884 4021 e
915 3960 1125 4022 lexico
1158 3960 1479 4023 rhetorico
1527 3980 1590 4041 p.
1646 3975 1792 4041 235,
1832 3980 1904 4041 3⁴1
1962 3965 2275 4042 petitum:
2332 3961 2538 4026 »Δέκα
2591 3961 2765 4033 τίνες
2810 3957 2961 4036 εἰσίς

366 4067 521 4131 δέκα
577 4054 744 4153 ἧόάν
794 4092 969 4144 τινες
1034 4069 1105 4134 ἐν
1161 4073 1449 4155 Πειραιεῖ
1504 4069 1565 4135 οἱ
1644 4064 1955 4155 ἄρξαντες
2011 4071 2183 4137 κατὰ
2243 4073 2368 4158 τὴν
2423 4069 2780 4154 τυραννίδα
2825 4076 2962 4131 τῶν
3024 4075 3025 4078 ’

364 4169 744 4261 τριάκοντα.
795 4175 965 4243 ἀλλὰ
1011 4181 1119 4244 καὶ
1176 4179 1584 4264 προσέταξαν
1629 4178 1853 4257 αὐτοῖς
1897 4182 2186 4258 εὐθύνας
2240 4193 2362 4267 τῆς
2424 4179 2628 4265 ἀρχῆς
2673 4179 2958 4253 domat«,

366 4308 535 4369 quae
580 4290 778 4350 verba
825 4309 954 4351 non
998 4292 1165 4353 bene
1199 4290 1669 4371 intelleguntur,
1721 4294 1838 4354 nisi
1874 4296 2215 4357 statuimus
2263 4292 2498 4355 eodem
2530 4291 2729 4352 modo
2763 4299 2960 4371 atque

358 4398 801 4476 trigintaviros
870 4402 1249 4480 superstites
1298 4411 1363 4462 et
1409 4402 1709 4464 undecim
1774 4405 1971 4465 etiam
2025 4403 2146 4465 hos
2218 4405 2300 4465 ab
2365 4402 2716 4466 amnestiae
2750 4401 2952 4467 bene-

366 4505 515 4568 ficio
566 4508 863 4570 exclusos
912 4531 1068 4585 esse,
1119 4512 1237 4573 sed
1283 4513 1531 4574 ratione
1580 4515 1831 4576 reddita
1878 4515 2104 4576 exsilio
2152 4515 2404 4578 liberari
2451 4515 2542 4575 eis
2589 4512 2855 4573 licuisse.

2455 4631 2523 4699 4*
