<?xml version="1.0" encoding="UTF-8"?>
<!DOCTYPE html PUBLIC "-//W3C//DTD XHTML 1.0 Transitional//EN"
    "http://www.w3.org/TR/xhtml1/DTD/xhtml1-transitional.dtd">
<html xmlns="http://www.w3.org/1999/xhtml" xml:lang="en" lang="en">
 <head>
  <title>
</title>
<meta http-equiv="Content-Type" content="text/html;charset=utf-8" />
  <meta name='ocr-system' content='tesseract 3.04.00' />
  <meta name='ocr-capabilities' content='ocr_page ocr_carea ocr_par ocr_line ocrx_word'/>
</head>
<body>
  <div class='ocr_page' id='page_1' title='image "./deamnestiaannoc01luebgoog_0093.png"; bbox 0 0 3459 5050; ppageno 0'>
   <div class='ocr_carea' id='block_1_1' title="bbox 1527 284 1605 359">
    <p class='ocr_par' dir='ltr' id='par_1_1' title="bbox 1527 284 1605 359">
     <span class='ocr_line' id='line_1_1' title="bbox 1527 284 1605 359; baseline 0 0"><span class='ocrx_word' id='word_1_1' title='bbox 1527 284 1605 359; x_wconf 84' lang='lat'><strong>83</strong></span> 
     </span>
    </p>
   </div>
   <div class='ocr_carea' id='block_1_2' title="bbox 1497 372 1787 380">
    <p class='ocr_par' dir='ltr' id='par_1_2' title="bbox 1497 372 1787 380">
     <span class='ocr_line' id='line_1_2' title="bbox 1497 372 1787 380; baseline 0 0"><span class='ocrx_word' id='word_1_2' title='bbox 1497 372 1787 380; x_wconf 95' lang='lat' dir='ltr'><strong> </strong></span> 
     </span>
    </p>
   </div>
   <div class='ocr_carea' id='block_1_3' title="bbox 271 486 2860 573">
    <p class='ocr_par' dir='ltr' id='par_1_3' title="bbox 271 486 2860 573">
     <span class='ocr_line' id='line_1_3' title="bbox 271 486 2860 573; baseline 0.002 -25"><span class='ocrx_word' id='word_1_3' title='bbox 271 486 632 550; x_wconf 85' lang='lat' dir='ltr'><strong>orationem</strong></span> <span class='ocrx_word' id='word_1_4' title='bbox 681 508 809 553; x_wconf 87' lang='lat' dir='ltr'><strong>non</strong></span> <span class='ocrx_word' id='word_1_5' title='bbox 854 487 1063 552; x_wconf 87' lang='lat' dir='ltr'><strong>facere</strong></span> <span class='ocrx_word' id='word_1_6' title='bbox 1125 500 1345 553; x_wconf 84' lang='lat' dir='ltr'><strong>contra</strong></span> <span class='ocrx_word' id='word_1_7' title='bbox 1396 513 1489 566; x_wconf 90' lang='lat' dir='ltr'><strong>ea,</strong></span> <span class='ocrx_word' id='word_1_8' title='bbox 1553 512 1717 573; x_wconf 88' lang='lat' dir='ltr'><strong>quae</strong></span> <span class='ocrx_word' id='word_1_9' title='bbox 1767 495 1848 556; x_wconf 93' lang='lat' dir='ltr'><strong>de</strong></span> <span class='ocrx_word' id='word_1_10' title='bbox 1894 490 2213 555; x_wconf 81' lang='lat' dir='ltr'><strong>amnestia</strong></span> <span class='ocrx_word' id='word_1_11' title='bbox 2260 511 2452 573; x_wconf 88' lang='lat' dir='ltr'><strong>supra</strong></span> <span class='ocrx_word' id='word_1_12' title='bbox 2496 490 2860 569; x_wconf 81' lang='lat' dir='ltr'><strong>docuimuS,</strong></span> 
     </span>
    </p>
   </div>
   <div class='ocr_carea' id='block_1_4' title="bbox 269 597 3032 699">
    <p class='ocr_par' dir='ltr' id='par_1_4' title="bbox 269 597 3032 699">
     <span class='ocr_line' id='line_1_4' title="bbox 269 597 3032 699; baseline 0.001 -40"><span class='ocrx_word' id='word_1_13' title='bbox 269 616 666 678; x_wconf 87' lang='lat' dir='ltr'><strong>quamquam</strong></span> <span class='ocrx_word' id='word_1_14' title='bbox 714 597 987 662; x_wconf 87' lang='lat' dir='ltr'><strong>Grosser</strong></span> <span class='ocrx_word' id='word_1_15' title='bbox 1031 600 1140 667; x_wconf 81' lang='grc'><strong>1.1·.</strong></span> <span class='ocrx_word' id='word_1_16' title='bbox 1183 622 1246 683; x_wconf 84' lang='lat' dir='ltr'><strong>p.</strong></span> <span class='ocrx_word' id='word_1_17' title='bbox 1299 616 1375 683; x_wconf 86' lang='lat'><strong>35</strong></span> <span class='ocrx_word' id='word_1_18' title='bbox 1430 613 1496 666; x_wconf 84' lang='lat' dir='ltr'><strong>et</strong></span> <span class='ocrx_word' id='word_1_19' title='bbox 1540 605 1625 683; x_wconf 87' lang='lat'><strong>36</strong></span> <span class='ocrx_word' id='word_1_20' title='bbox 1671 605 1870 668; x_wconf 88' lang='lat' dir='ltr'><strong>etiam</strong></span> <span class='ocrx_word' id='word_1_21' title='bbox 1943 621 2025 665; x_wconf 89' lang='lat' dir='ltr'><strong>ex</strong></span> <span class='ocrx_word' id='word_1_22' title='bbox 2085 622 2163 665; x_wconf 88' lang='lat' dir='ltr'><strong>ea</strong></span> <span class='ocrx_word' id='word_1_23' title='bbox 2219 602 2468 676; x_wconf 82' lang='lat' dir='ltr'><strong>multos</strong></span> <span class='ocrx_word' id='word_1_24' title='bbox 2515 601 2696 664; x_wconf 90' lang='lat' dir='ltr'><strong>locos</strong></span> <span class='ocrx_word' id='word_1_25' title='bbox 2742 621 2863 683; x_wconf 84' lang='lat' dir='ltr'><strong>pro</strong></span> <span class='ocrx_word' id='word_1_26' title='bbox 2962 670 2967 671; x_wconf 15' lang='lat' dir='ltr'><em>ff</em></span> <span class='ocrx_word' id='word_1_27' title='bbox 3021 690 3032 699; x_wconf 40' lang='lat'><strong>·</strong></span> 
     </span>
    </p>
   </div>
   <div class='ocr_carea' id='block_1_5' title="bbox 252 711 2863 4549">
    <p class='ocr_par' dir='ltr' id='par_1_5' title="bbox 252 711 2863 4549">
     <span class='ocr_line' id='line_1_5' title="bbox 266 711 2860 795; baseline 0 -24"><span class='ocrx_word' id='word_1_28' title='bbox 266 727 402 771; x_wconf 53' lang='lat' dir='ltr'><strong>sua,</strong></span> <span class='ocrx_word' id='word_1_29' title='bbox 449 711 796 789; x_wconf 62' lang='lat' dir='ltr'><strong>sententia</strong></span> <span class='ocrx_word' id='word_1_30' title='bbox 834 711 1064 786; x_wconf 83' lang='lat' dir='ltr'><strong>attulit,</strong></span> <span class='ocrx_word' id='word_1_31' title='bbox 1113 731 1403 794; x_wconf 73' lang='lat' dir='ltr'><strong>,quorum</strong></span> <span class='ocrx_word' id='word_1_32' title='bbox 1488 723 1706 777; x_wconf 88' lang='lat' dir='ltr'><strong>tamen</strong></span> <span class='ocrx_word' id='word_1_33' title='bbox 1786 733 2151 795; x_wconf 81' lang='lat' dir='ltr'><strong>perpaucos</strong></span> <span class='ocrx_word' id='word_1_34' title='bbox 2230 713 2685 791; x_wconf 82' lang='lat' dir='ltr'><strong>interpretatus</strong></span> <span class='ocrx_word' id='word_1_35' title='bbox 2744 720 2860 785; x_wconf 88' lang='lat' dir='ltr'><strong>est,</strong></span> 
     </span>
     <span class='ocr_line' id='line_1_6' title="bbox 267 819 2859 908; baseline 0.001 -28"><span class='ocrx_word' id='word_1_36' title='bbox 267 819 581 908; x_wconf 85' lang='lat' dir='ltr'><strong>plurimos</strong></span> <span class='ocrx_word' id='word_1_37' title='bbox 630 821 1160 904; x_wconf 85' lang='lat' dir='ltr'><strong>interpretatione</strong></span> <span class='ocrx_word' id='word_1_38' title='bbox 1205 843 1331 885; x_wconf 88' lang='lat' dir='ltr'><strong>non</strong></span> <span class='ocrx_word' id='word_1_39' title='bbox 1381 824 1602 893; x_wconf 88' lang='lat' dir='ltr'><strong>addita</strong></span> <span class='ocrx_word' id='word_1_40' title='bbox 1662 824 2018 905; x_wconf 73' lang='lat' dir='ltr'>exscripsit.</span> <span class='ocrx_word' id='word_1_41' title='bbox 2114 822 2329 903; x_wconf 81' lang='lat' dir='ltr'><strong>Quam</strong></span> <span class='ocrx_word' id='word_1_42' title='bbox 2379 821 2464 884; x_wconf 94' lang='lat' dir='ltr'><strong>ob</strong></span> <span class='ocrx_word' id='word_1_43' title='bbox 2528 841 2663 884; x_wconf 84' lang='lat' dir='ltr'><strong>rem</strong></span> <span class='ocrx_word' id='word_1_44' title='bbox 2728 841 2859 883; x_wconf 89' lang='lat' dir='ltr'><strong>non</strong></span> 
     </span>
     <span class='ocr_line' id='line_1_7' title="bbox 264 930 2863 1014; baseline 0 -23"><span class='ocrx_word' id='word_1_45' title='bbox 264 930 348 993; x_wconf 94' lang='lat' dir='ltr'><strong>de</strong></span> <span class='ocrx_word' id='word_1_46' title='bbox 398 934 793 1012; x_wconf 77' lang='lat' dir='ltr'><strong>unoquoque</strong></span> <span class='ocrx_word' id='word_1_47' title='bbox 840 932 1076 999; x_wconf 81' lang='lat' dir='ltr'>diserte</span> <span class='ocrx_word' id='word_1_48' title='bbox 1125 952 1414 1014; x_wconf 78' lang='lat' dir='ltr'><strong>agemuS,</strong></span> <span class='ocrx_word' id='word_1_49' title='bbox 1473 934 1537 996; x_wconf 92' lang='lat' dir='ltr'><strong>id</strong></span> <span class='ocrx_word' id='word_1_50' title='bbox 1594 935 1774 1014; x_wconf 88' lang='lat' dir='ltr'><strong>quod</strong></span> <span class='ocrx_word' id='word_1_51' title='bbox 1807 955 1886 996; x_wconf 90' lang='lat' dir='ltr'><strong>eo</strong></span> <span class='ocrx_word' id='word_1_52' title='bbox 1933 933 2144 999; x_wconf 87' lang='lat' dir='ltr'><strong>minus</strong></span> <span class='ocrx_word' id='word_1_53' title='bbox 2199 931 2336 995; x_wconf 87' lang='lat' dir='ltr'><strong>fieri</strong></span> <span class='ocrx_word' id='word_1_54' title='bbox 2383 941 2663 1014; x_wconf 85' lang='lat' dir='ltr'><strong>oportet,</strong></span> <span class='ocrx_word' id='word_1_55' title='bbox 2712 932 2863 1013; x_wconf 85' lang='lat' dir='ltr'><strong>quia</strong></span> 
     </span>
     <span class='ocr_line' id='line_1_8' title="bbox 266 1040 2863 1124; baseline 0 -22"><span class='ocrx_word' id='word_1_56' title='bbox 266 1041 569 1105; x_wconf 83' lang='lat' dir='ltr'><strong>omnibus</strong></span> <span class='ocrx_word' id='word_1_57' title='bbox 618 1040 750 1103; x_wconf 84' lang='lat' dir='ltr'><strong>fere</strong></span> <span class='ocrx_word' id='word_1_58' title='bbox 796 1041 923 1104; x_wconf 78' lang='lat' dir='ltr'><strong>lioc</strong></span> <span class='ocrx_word' id='word_1_59' title='bbox 968 1062 1316 1107; x_wconf 85' lang='lat' dir='ltr'><strong>commune</strong></span> <span class='ocrx_word' id='word_1_60' title='bbox 1362 1054 1478 1118; x_wconf 89' lang='lat' dir='ltr'><strong>est,</strong></span> <span class='ocrx_word' id='word_1_61' title='bbox 1528 1047 1705 1124; x_wconf 89' lang='lat' dir='ltr'><strong>quod</strong></span> <span class='ocrx_word' id='word_1_62' title='bbox 1769 1052 1990 1106; x_wconf 86' lang='lat' dir='ltr'><strong>orator</strong></span> <span class='ocrx_word' id='word_1_63' title='bbox 2034 1042 2276 1105; x_wconf 87' lang='lat' dir='ltr'><strong>iudices</strong></span> <span class='ocrx_word' id='word_1_64' title='bbox 2335 1042 2419 1104; x_wconf 90' lang='lat' dir='ltr'><strong>ad</strong></span> <span class='ocrx_word' id='word_1_65' title='bbox 2481 1042 2863 1104; x_wconf 81' lang='lat' dir='ltr'>amnestiam</span> 
     </span>
     <span class='ocr_line' id='line_1_9' title="bbox 262 1134 2860 1240; baseline 0.002 -28"><span class='ocrx_word' id='word_1_66' title='bbox 262 1158 549 1225; x_wconf 89' lang='lat' dir='ltr'><strong>revocat,</strong></span> <span class='ocrx_word' id='word_1_67' title='bbox 602 1171 795 1231; x_wconf 88' lang='lat' dir='ltr'><strong>quam</strong></span> <span class='ocrx_word' id='word_1_68' title='bbox 842 1172 1000 1214; x_wconf 91' lang='lat' dir='ltr'><strong>mox</strong></span> <span class='ocrx_word' id='word_1_69' title='bbox 1042 1164 1233 1215; x_wconf 90' lang='lat' dir='ltr'><strong>vocat</strong></span> <span class='ocrx_word' id='word_1_70' title='bbox 1253 1134 1272 1216; x_wconf 39' lang='lat' dir='ltr'><strong>‘z</strong></span> <span class='ocrx_word' id='word_1_71' title='bbox 1331 1157 1761 1240; x_wconf 73' lang='grc' dir='ltr'><strong>»συνθῆκαι«,</strong></span> <span class='ocrx_word' id='word_1_72' title='bbox 1811 1174 1969 1219; x_wconf 85' lang='lat' dir='ltr'><strong>mox</strong></span> <span class='ocrx_word' id='word_1_73' title='bbox 2006 1147 2261 1235; x_wconf 70' lang='grc' dir='ltr'><strong><em>»ὅρκοιι</em></strong></span> <span class='ocrx_word' id='word_1_74' title='bbox 2306 1172 2462 1214; x_wconf 84' lang='lat' dir='ltr'><strong>mox</strong></span> <span class='ocrx_word' id='word_1_75' title='bbox 2490 1145 2721 1235; x_wconf 57' lang='grc' dir='ltr'><strong><em>ρὸρκοι</em></strong></span> <span class='ocrx_word' id='word_1_76' title='bbox 2752 1151 2860 1217; x_wconf 89' lang='grc' dir='ltr'><strong>καὶ</strong></span> 
     </span>
     <span class='ocr_line' id='line_1_10' title="bbox 263 1261 2859 1346; baseline 0 -24"><span class='ocrx_word' id='word_1_77' title='bbox 263 1263 661 1346; x_wconf 63' lang='grc' dir='ltr'><strong><em>συνθῆκαιε.</em></strong></span> <span class='ocrx_word' id='word_1_78' title='bbox 697 1300 698 1303; x_wconf 33' lang='lat'>¹</span> <span class='ocrx_word' id='word_1_79' title='bbox 755 1263 1171 1344; x_wconf 82' lang='lat' dir='ltr'><strong>Quamquam</strong></span> <span class='ocrx_word' id='word_1_80' title='bbox 1217 1273 1472 1327; x_wconf 84' lang='lat' dir='ltr'><strong>constat</strong></span> <span class='ocrx_word' id='word_1_81' title='bbox 1516 1266 1614 1327; x_wconf 88' lang='lat' dir='ltr'><strong>his</strong></span> <span class='ocrx_word' id='word_1_82' title='bbox 1659 1265 1870 1329; x_wconf 87' lang='lat' dir='ltr'><strong>verbis</strong></span> <span class='ocrx_word' id='word_1_83' title='bbox 1897 1266 2109 1328; x_wconf 86' lang='lat' dir='ltr'><strong>etiam·</strong></span> <span class='ocrx_word' id='word_1_84' title='bbox 2128 1262 2331 1325; x_wconf 91' lang='lat' dir='ltr'><strong>solam</strong></span> <span class='ocrx_word' id='word_1_85' title='bbox 2367 1281 2595 1344; x_wconf 88' lang='lat' dir='ltr'><strong>pacem</strong></span> <span class='ocrx_word' id='word_1_86' title='bbox 2642 1261 2859 1344; x_wconf 89' lang='lat' dir='ltr'><strong>appel-</strong></span> 
     </span>
     <span class='ocr_line' id='line_1_11' title="bbox 263 1371 2863 1454; baseline 0.002 -22"><span class='ocrx_word' id='word_1_87' title='bbox 263 1371 377 1433; x_wconf 87' lang='lat' dir='ltr'><strong>lari</strong></span> <span class='ocrx_word' id='word_1_88' title='bbox 423 1392 637 1454; x_wconf 89' lang='lat' dir='ltr'><strong>posse,</strong></span> <span class='ocrx_word' id='word_1_89' title='bbox 688 1383 906 1436; x_wconf 88' lang='lat' dir='ltr'><strong>tamen</strong></span> <span class='ocrx_word' id='word_1_90' title='bbox 969 1384 1295 1439; x_wconf 83' lang='lat' dir='ltr'><strong>oratorem</strong></span> <span class='ocrx_word' id='word_1_91' title='bbox 1360 1375 1441 1437; x_wconf 92' lang='lat' dir='ltr'><strong>de</strong></span> <span class='ocrx_word' id='word_1_92' title='bbox 1507 1376 1824 1439; x_wconf 81' lang='lat' dir='ltr'><strong>amnestia</strong></span> <span class='ocrx_word' id='word_1_93' title='bbox 1886 1395 1962 1436; x_wconf 91' lang='lat' dir='ltr'><strong>ea</strong></span> <span class='ocrx_word' id='word_1_94' title='bbox 2028 1373 2440 1454; x_wconf 82' lang='lat' dir='ltr'><strong>usurpavisse</strong></span> <span class='ocrx_word' id='word_1_95' title='bbox 2511 1392 2656 1434; x_wconf 89' lang='lat' dir='ltr'><strong>cum</strong></span> <span class='ocrx_word' id='word_1_96' title='bbox 2717 1380 2863 1438; x_wconf 77' lang='lat' dir='ltr'><strong>tota.</strong></span> 
     </span>
     <span class='ocr_line' id='line_1_12' title="bbox 266 1473 2863 1567; baseline 0 -24"><span class='ocrx_word' id='word_1_97' title='bbox 266 1483 481 1544; x_wconf 90' lang='lat' dir='ltr'><strong>oratio</strong></span> <span class='ocrx_word' id='word_1_98' title='bbox 526 1484 809 1560; x_wconf 76' lang='lat' dir='ltr'><strong>ostendit</strong></span> <span class='ocrx_word' id='word_1_99' title='bbox 868 1493 1007 1555; x_wconf 85' lang='lat' dir='ltr'><strong>tum</strong></span> <span class='ocrx_word' id='word_1_100' title='bbox 1056 1484 1091 1567; x_wconf 63' lang='grc' dir='ltr'>ξ</span> <span class='ocrx_word' id='word_1_101' title='bbox 1142 1500 1177 1546; x_wconf 92' lang='grc'>2</span> <span class='ocrx_word' id='word_1_102' title='bbox 1229 1502 1356 1564; x_wconf 91' lang='lat' dir='ltr'><strong>sq.:</strong></span> <span class='ocrx_word' id='word_1_103' title='bbox 1414 1479 1653 1564; x_wconf 70' lang='grc' dir='ltr'><strong><em>»νόμον</em></strong></span> <span class='ocrx_word' id='word_1_104' title='bbox 1698 1477 1961 1559; x_wconf 72' lang='grc' dir='ltr'><strong>ἔθεσθε,</strong></span> <span class='ocrx_word' id='word_1_105' title='bbox 2009 1473 2090 1544; x_wconf 77' lang='grc' dir='ltr'><strong>ἄν</strong></span> <span class='ocrx_word' id='word_1_106' title='bbox 2135 1504 2236 1557; x_wconf 85' lang='grc' dir='ltr'><strong>τις</strong></span> <span class='ocrx_word' id='word_1_107' title='bbox 2296 1479 2634 1564; x_wconf 77' lang='grc' dir='ltr'><strong><em>δικάζηται</em></strong></span> <span class='ocrx_word' id='word_1_108' title='bbox 2681 1477 2863 1563; x_wconf 79' lang='grc' dir='ltr'><strong><em>παρὰ</em></strong></span> 
     </span>
     <span class='ocr_line' id='line_1_13' title="bbox 265 1586 2861 1676; baseline -0.001 -20"><span class='ocrx_word' id='word_1_109' title='bbox 265 1590 424 1667; x_wconf 80' lang='grc' dir='ltr'><strong><em>τοὺς</em></strong></span> <span class='ocrx_word' id='word_1_110' title='bbox 472 1586 707 1674; x_wconf 79' lang='grc' dir='ltr'><strong><em>ὅρκους</em></strong></span> <span class='ocrx_word' id='word_1_111' title='bbox 741 1641 930 1658; x_wconf 91' lang='grc'><strong>.....</strong></span> <span class='ocrx_word' id='word_1_112' title='bbox 968 1589 1050 1656; x_wconf 73' lang='grc' dir='ltr'><strong>ἵν’</strong></span> <span class='ocrx_word' id='word_1_113' title='bbox 1082 1591 1140 1657; x_wconf 76' lang='grc' dir='ltr'><strong>οἱ</strong></span> <span class='ocrx_word' id='word_1_114' title='bbox 1174 1596 1546 1674; x_wconf 76' lang='grc' dir='ltr'><strong><em>τολμῶντες</em></strong></span> <span class='ocrx_word' id='word_1_115' title='bbox 1574 1604 1999 1676; x_wconf 79' lang='grc' dir='ltr'><em>μνησικακεῖν</em></span> <span class='ocrx_word' id='word_1_116' title='bbox 2028 1590 2117 1675; x_wconf 76' lang='grc' dir='ltr'><strong>μὴ</strong></span> <span class='ocrx_word' id='word_1_117' title='bbox 2155 1589 2360 1674; x_wconf 81' lang='grc' dir='ltr'><strong><em>μόνον</em></strong></span> <span class='ocrx_word' id='word_1_118' title='bbox 2402 1588 2861 1675; x_wconf 77' lang='grc' dir='ltr'><strong><em>ἐπιορκοῢντες</em></strong></span> 
     </span>
     <span class='ocr_line' id='line_1_14' title="bbox 265 1684 2863 1787; baseline -0.002 -20"><span class='ocrx_word' id='word_1_119' title='bbox 265 1701 738 1786; x_wconf 67' lang='grc' dir='ltr'><strong><em>ἐξελέγχοιντοα</em></strong></span> <span class='ocrx_word' id='word_1_120' title='bbox 817 1714 880 1767; x_wconf 94' lang='lat' dir='ltr'><strong>et</strong></span> <span class='ocrx_word' id='word_1_121' title='bbox 942 1709 981 1786; x_wconf 63' lang='grc' dir='ltr'>ξ</span> <span class='ocrx_word' id='word_1_122' title='bbox 1052 1721 1087 1766; x_wconf 92' lang='lat'>2</span> <span class='ocrx_word' id='word_1_123' title='bbox 1096 1722 1170 1784; x_wconf 86' lang='lat'><strong>3:</strong></span> <span class='ocrx_word' id='word_1_124' title='bbox 1245 1731 1269 1761; x_wconf 81' lang='lat'><strong>»</strong></span> <span class='ocrx_word' id='word_1_125' title='bbox 1288 1702 1745 1787; x_wconf 81' lang='grc' dir='ltr'><strong><em>Θρασύβουλος</em></strong></span> <span class='ocrx_word' id='word_1_126' title='bbox 1791 1684 1899 1766; x_wconf 77' lang='grc' dir='ltr'><strong>καὶ</strong></span> <span class='ocrx_word' id='word_1_127' title='bbox 1949 1695 2211 1779; x_wconf 70' lang='grc' dir='ltr'><strong><em>Ἄνυτος</em></strong></span> <span class='ocrx_word' id='word_1_128' title='bbox 2259 1751 2313 1767; x_wconf 92' lang='grc'><strong>..</strong></span> <span class='ocrx_word' id='word_1_129' title='bbox 2347 1750 2360 1765; x_wconf 94' lang='grc'><strong>.</strong></span> <span class='ocrx_word' id='word_1_130' title='bbox 2411 1698 2488 1765; x_wconf 78' lang='grc' dir='ltr'><strong>οὐ</strong></span> <span class='ocrx_word' id='word_1_131' title='bbox 2537 1705 2863 1784; x_wconf 77' lang='grc' dir='ltr'><strong><em>τολμῶσιν</em></strong></span> 
     </span>
     <span class='ocr_line' id='line_1_15' title="bbox 263 1811 2863 1898; baseline -0 -22"><span class='ocrx_word' id='word_1_132' title='bbox 263 1863 276 1876; x_wconf 92' lang='grc'><strong>.</strong></span> <span class='ocrx_word' id='word_1_133' title='bbox 310 1865 323 1879; x_wconf 93' lang='grc'><strong>.</strong></span> <span class='ocrx_word' id='word_1_134' title='bbox 354 1861 368 1876; x_wconf 92' lang='grc'><strong>.</strong></span> <span class='ocrx_word' id='word_1_135' title='bbox 418 1826 898 1898; x_wconf 71' lang='grc' dir='ltr'><strong><em>μνησικακεῑνι.</em></strong></span> <span class='ocrx_word' id='word_1_136' title='bbox 993 1813 1140 1895; x_wconf 80' lang='lat' dir='ltr'><strong>Qua</strong></span> <span class='ocrx_word' id='word_1_137' title='bbox 1188 1815 1269 1876; x_wconf 90' lang='lat' dir='ltr'><strong>de</strong></span> <span class='ocrx_word' id='word_1_138' title='bbox 1313 1833 1506 1877; x_wconf 90' lang='lat' dir='ltr'><strong>causa</strong></span> <span class='ocrx_word' id='word_1_139' title='bbox 1555 1812 1658 1874; x_wconf 89' lang='lat' dir='ltr'><strong>illa</strong></span> <span class='ocrx_word' id='word_1_140' title='bbox 1702 1813 1900 1877; x_wconf 81' lang='lat' dir='ltr'><strong>verba</strong></span> <span class='ocrx_word' id='word_1_141' title='bbox 1948 1813 2029 1874; x_wconf 91' lang='lat' dir='ltr'><strong>de</strong></span> <span class='ocrx_word' id='word_1_142' title='bbox 2077 1814 2396 1879; x_wconf 79' lang='lat' dir='ltr'><strong>amnestia</strong></span> <span class='ocrx_word' id='word_1_143' title='bbox 2429 1811 2863 1894; x_wconf 76' lang='lat' dir='ltr'><strong>intellegenda</strong></span> 
     </span>
     <span class='ocr_line' id='line_1_16' title="bbox 262 1921 2860 2007; baseline -0.001 -21"><span class='ocrx_word' id='word_1_144' title='bbox 262 1933 434 1998; x_wconf 85' lang='lat' dir='ltr'><strong>sunt,</strong></span> <span class='ocrx_word' id='word_1_145' title='bbox 485 1945 681 2006; x_wconf 91' lang='lat' dir='ltr'><strong>quam</strong></span> <span class='ocrx_word' id='word_1_146' title='bbox 731 1946 860 1993; x_wconf 89' lang='lat' dir='ltr'><strong>non</strong></span> <span class='ocrx_word' id='word_1_147' title='bbox 903 1924 1085 1988; x_wconf 88' lang='lat' dir='ltr'><strong>aliter</strong></span> <span class='ocrx_word' id='word_1_148' title='bbox 1115 1944 1311 2007; x_wconf 90' lang='lat' dir='ltr'><strong>quam</strong></span> <span class='ocrx_word' id='word_1_149' title='bbox 1344 1943 1572 2006; x_wconf 85' lang='lat' dir='ltr'><strong>pacem</strong></span> <span class='ocrx_word' id='word_1_150' title='bbox 1607 1924 2022 1987; x_wconf 83' lang='lat' dir='ltr'><strong>condiciones</strong></span> <span class='ocrx_word' id='word_1_151' title='bbox 2055 1933 2121 1986; x_wconf 93' lang='lat' dir='ltr'><strong>et</strong></span> <span class='ocrx_word' id='word_1_152' title='bbox 2154 1924 2511 1986; x_wconf 89' lang='lat' dir='ltr'><strong>iuramenta</strong></span> <span class='ocrx_word' id='word_1_153' title='bbox 2556 1921 2860 1985; x_wconf 88' lang='lat' dir='ltr'><strong>habuisse</strong></span> 
     </span>
     <span class='ocr_line' id='line_1_17' title="bbox 267 2019 2855 2118; baseline -0.001 -22"><span class='ocrx_word' id='word_1_154' title='bbox 267 2055 465 2116; x_wconf 89' lang='lat' dir='ltr'><strong>supra</strong></span> <span class='ocrx_word' id='word_1_155' title='bbox 491 2036 945 2116; x_wconf 72' lang='lat' dir='ltr'><strong>exposuimus</strong></span> <span class='ocrx_word' id='word_1_156' title='bbox 1044 2037 1267 2098; x_wconf 89' lang='lat' dir='ltr'><strong>Verbo</strong></span> <span class='ocrx_word' id='word_1_157' title='bbox 1316 2019 1508 2116; x_wconf 75' lang='lat' dir='ltr'><strong>igitur</strong></span> <span class='ocrx_word' id='word_1_158' title='bbox 1557 2036 1886 2118; x_wconf 75' lang='grc' dir='ltr'><strong><em>συνθῆκαι</em></strong></span> <span class='ocrx_word' id='word_1_159' title='bbox 1933 2035 2008 2096; x_wconf 79' lang='lat' dir='ltr'><strong>in·</strong></span> <span class='ocrx_word' id='word_1_160' title='bbox 2040 2036 2080 2113; x_wconf 66' lang='grc' dir='ltr'>ξ</span> <span class='ocrx_word' id='word_1_161' title='bbox 2133 2051 2189 2108; x_wconf 91' lang='grc'><strong>2,</strong></span> <span class='ocrx_word' id='word_1_162' title='bbox 2224 2053 2287 2113; x_wconf 88' lang='grc'><strong>4,</strong></span> <span class='ocrx_word' id='word_1_163' title='bbox 2333 2051 2427 2113; x_wconf 89' lang='lat'><strong>19,</strong></span> <span class='ocrx_word' id='word_1_164' title='bbox 2469 2050 2568 2105; x_wconf 87' lang='lat'><strong>21,</strong></span> <span class='ocrx_word' id='word_1_165' title='bbox 2610 2049 2709 2106; x_wconf 89' lang='lat'><strong>22,</strong></span> <span class='ocrx_word' id='word_1_166' title='bbox 2753 2048 2855 2114; x_wconf 80' lang='lat'>23,</span> 
     </span>
     <span class='ocr_line' id='line_1_18' title="bbox 272 2143 2857 2226; baseline 0 -20"><span class='ocrx_word' id='word_1_167' title='bbox 272 2162 388 2222; x_wconf 88' lang='lat'><strong>24,</strong></span> <span class='ocrx_word' id='word_1_168' title='bbox 443 2147 730 2225; x_wconf 85' lang='lat'>26,&#39;27,</span> <span class='ocrx_word' id='word_1_169' title='bbox 786 2161 900 2223; x_wconf 86' lang='lat'>30,</span> <span class='ocrx_word' id='word_1_170' title='bbox 955 2161 1072 2225; x_wconf 89' lang='lat'><strong>34,</strong></span> <span class='ocrx_word' id='word_1_171' title='bbox 1127 2159 1245 2225; x_wconf 84' lang='lat'>35,</span> <span class='ocrx_word' id='word_1_172' title='bbox 1297 2162 1415 2222; x_wconf 88' lang='lat'><strong>42,</strong></span> <span class='ocrx_word' id='word_1_173' title='bbox 1468 2161 1573 2221; x_wconf 90' lang='lat'><strong>44,</strong></span> <span class='ocrx_word' id='word_1_174' title='bbox 1621 2160 1705 2224; x_wconf 90' lang='lat'><strong>47</strong></span> <span class='ocrx_word' id='word_1_175' title='bbox 1768 2165 1887 2212; x_wconf 86' lang='lat' dir='ltr'><strong>eae</strong></span> <span class='ocrx_word' id='word_1_176' title='bbox 1939 2145 2355 2208; x_wconf 88' lang='lat' dir='ltr'><strong>condiciones</strong></span> <span class='ocrx_word' id='word_1_177' title='bbox 2401 2143 2857 2226; x_wconf 84' lang='lat' dir='ltr'><strong>significantur,</strong></span> 
     </span>
     <span class='ocr_line' id='line_1_19' title="bbox 266 2255 2859 2335; baseline -0 -18"><span class='ocrx_word' id='word_1_178' title='bbox 266 2257 501 2335; x_wconf 88' lang='lat' dir='ltr'><strong>quibus</strong></span> <span class='ocrx_word' id='word_1_179' title='bbox 548 2257 862 2318; x_wconf 87' lang='lat' dir='ltr'><strong>amnestia</strong></span> <span class='ocrx_word' id='word_1_180' title='bbox 907 2266 1151 2319; x_wconf 89' lang='lat' dir='ltr'><strong>statuta</strong></span> <span class='ocrx_word' id='word_1_181' title='bbox 1200 2264 1314 2328; x_wconf 82' lang='lat' dir='ltr'><strong>est,</strong></span> <span class='ocrx_word' id='word_1_182' title='bbox 1366 2255 1467 2318; x_wconf 91' lang='lat' dir='ltr'><strong>vel</strong></span> <span class='ocrx_word' id='word_1_183' title='bbox 1511 2256 1728 2334; x_wconf 85' lang='lat' dir='ltr'><strong>potius</strong></span> <span class='ocrx_word' id='word_1_184' title='bbox 1762 2275 1990 2317; x_wconf 89' lang='lat' dir='ltr'><strong>omnes</strong></span> <span class='ocrx_word' id='word_1_185' title='bbox 2033 2265 2183 2318; x_wconf 89' lang='lat' dir='ltr'><strong>sunt</strong></span> <span class='ocrx_word' id='word_1_186' title='bbox 2230 2255 2659 2318; x_wconf 28' lang='lat' dir='ltr'><strong>condiciones,</strong></span> <span class='ocrx_word' id='word_1_187' title='bbox 2696 2255 2859 2317; x_wconf 88' lang='lat' dir='ltr'><strong>inter</strong></span> 
     </span>
     <span class='ocr_line' id='line_1_20' title="bbox 274 2364 2854 2450; baseline -0 -24"><span class='ocrx_word' id='word_1_188' title='bbox 274 2366 554 2431; x_wconf 89' lang='lat' dir='ltr'><strong>urbanos</strong></span> <span class='ocrx_word' id='word_1_189' title='bbox 601 2374 667 2429; x_wconf 86' lang='lat' dir='ltr'><strong>et</strong></span> <span class='ocrx_word' id='word_1_190' title='bbox 712 2367 966 2431; x_wconf 84' lang='lat' dir='ltr'><strong>exsules</strong></span> <span class='ocrx_word' id='word_1_191' title='bbox 1014 2366 1252 2440; x_wconf 86' lang='lat' dir='ltr'><strong>factae,</strong></span> <span class='ocrx_word' id='word_1_192' title='bbox 1304 2366 1485 2450; x_wconf 90' lang='lat' dir='ltr'><strong>quia,</strong></span> <span class='ocrx_word' id='word_1_193' title='bbox 1535 2373 1603 2426; x_wconf 90' lang='lat' dir='ltr'><strong>ut</strong></span> <span class='ocrx_word' id='word_1_194' title='bbox 1647 2384 1846 2446; x_wconf 89' lang='lat' dir='ltr'><strong>supra</strong></span> <span class='ocrx_word' id='word_1_195' title='bbox 1889 2366 1954 2446; x_wconf 70' lang='grc' dir='ltr'><strong>(ἓ</strong></span> <span class='ocrx_word' id='word_1_196' title='bbox 2007 2367 2070 2448; x_wconf 90' lang='grc'><strong>7)</strong></span> <span class='ocrx_word' id='word_1_197' title='bbox 2117 2366 2576 2447; x_wconf 80' lang='lat' dir='ltr'><strong>exposuimuS,</strong></span> <span class='ocrx_word' id='word_1_198' title='bbox 2641 2364 2854 2427; x_wconf 82' lang='lat' dir='ltr'><strong>verisi-</strong></span> 
     </span>
     <span class='ocr_line' id='line_1_21' title="bbox 270 2473 2857 2559; baseline -0 -21"><span class='ocrx_word' id='word_1_199' title='bbox 270 2475 418 2539; x_wconf 85' lang='lat' dir='ltr'><strong>mile</strong></span> <span class='ocrx_word' id='word_1_200' title='bbox 463 2486 562 2540; x_wconf 86' lang='lat' dir='ltr'><strong>est</strong></span> <span class='ocrx_word' id='word_1_201' title='bbox 605 2476 907 2540; x_wconf 84' lang='lat' dir='ltr'><strong>Eleusine</strong></span> <span class='ocrx_word' id='word_1_202' title='bbox 963 2487 1342 2559; x_wconf 86' lang='lat' dir='ltr'><strong>recuperata</strong></span> <span class='ocrx_word' id='word_1_203' title='bbox 1403 2476 1485 2539; x_wconf 88' lang='lat' dir='ltr'><strong>ad</strong></span> <span class='ocrx_word' id='word_1_204' title='bbox 1546 2475 1774 2557; x_wconf 90' lang='lat' dir='ltr'><strong>prioris</strong></span> <span class='ocrx_word' id='word_1_205' title='bbox 1832 2477 2010 2559; x_wconf 88' lang='lat' dir='ltr'><strong>pacis</strong></span> <span class='ocrx_word' id='word_1_206' title='bbox 2069 2473 2487 2539; x_wconf 85' lang='lat' dir='ltr'><strong>condiciones</strong></span> <span class='ocrx_word' id='word_1_207' title='bbox 2549 2473 2703 2537; x_wconf 88' lang='lat' dir='ltr'><strong>alias</strong></span> <span class='ocrx_word' id='word_1_208' title='bbox 2751 2475 2857 2537; x_wconf 89' lang='lat' dir='ltr'><strong>ad·</strong></span> 
     </span>
     <span class='ocr_line' id='line_1_22' title="bbox 265 2585 2858 2667; baseline 0 -19"><span class='ocrx_word' id='word_1_209' title='bbox 265 2587 436 2650; x_wconf 85' lang='lat' dir='ltr'><strong>ditas</strong></span> <span class='ocrx_word' id='word_1_210' title='bbox 481 2597 546 2651; x_wconf 89' lang='lat' dir='ltr'><strong>et</strong></span> <span class='ocrx_word' id='word_1_211' title='bbox 594 2588 828 2651; x_wconf 88' lang='lat' dir='ltr'><strong>deinde</strong></span> <span class='ocrx_word' id='word_1_212' title='bbox 872 2608 1102 2651; x_wconf 89' lang='lat' dir='ltr'><strong>omnes</strong></span> <span class='ocrx_word' id='word_1_213' title='bbox 1146 2587 1555 2651; x_wconf 82' lang='lat' dir='ltr'><strong>iureiurando</strong></span> <span class='ocrx_word' id='word_1_214' title='bbox 1601 2595 1861 2649; x_wconf 86' lang='lat' dir='ltr'><strong>sanctas</strong></span> <span class='ocrx_word' id='word_1_215' title='bbox 1907 2607 2065 2649; x_wconf 89' lang='lat' dir='ltr'><strong>esse.</strong></span> <span class='ocrx_word' id='word_1_216' title='bbox 2146 2586 2363 2667; x_wconf 80' lang='lat' dir='ltr'><strong>Quam</strong></span> <span class='ocrx_word' id='word_1_217' title='bbox 2409 2585 2496 2648; x_wconf 94' lang='lat' dir='ltr'><strong>ob</strong></span> <span class='ocrx_word' id='word_1_218' title='bbox 2544 2606 2679 2648; x_wconf 90' lang='lat' dir='ltr'><strong>rem</strong></span> <span class='ocrx_word' id='word_1_219' title='bbox 2727 2606 2858 2649; x_wconf 90' lang='lat' dir='ltr'><strong>non</strong></span> 
     </span>
     <span class='ocr_line' id='line_1_23' title="bbox 264 2687 2858 2781; baseline 0.001 -23"><span class='ocrx_word' id='word_1_220' title='bbox 264 2696 478 2759; x_wconf 88' lang='lat' dir='ltr'><strong>solum</strong></span> <span class='ocrx_word' id='word_1_221' title='bbox 541 2698 778 2760; x_wconf 90' lang='lat' dir='ltr'><strong>idcirco</strong></span> <span class='ocrx_word' id='word_1_222' title='bbox 840 2718 974 2781; x_wconf 86' lang='lat' dir='ltr'><strong>pax</strong></span> <span class='ocrx_word' id='word_1_223' title='bbox 1029 2707 1094 2761; x_wconf 92' lang='lat' dir='ltr'><strong>et</strong></span> <span class='ocrx_word' id='word_1_224' title='bbox 1152 2698 1468 2761; x_wconf 89' lang='lat' dir='ltr'><strong>amnestia</strong></span> <span class='ocrx_word' id='word_1_225' title='bbox 1533 2717 1662 2759; x_wconf 90' lang='lat' dir='ltr'><strong>non</strong></span> <span class='ocrx_word' id='word_1_226' title='bbox 1707 2697 1944 2759; x_wconf 87' lang='lat' dir='ltr'><strong>diserte</strong></span> <span class='ocrx_word' id='word_1_227' title='bbox 1991 2687 2439 2778; x_wconf 72' lang='lat' dir='ltr'><strong>seiunguntdr‚</strong></span> <span class='ocrx_word' id='word_1_228' title='bbox 2504 2696 2654 2780; x_wconf 88' lang='lat' dir='ltr'><strong>quia</strong></span> <span class='ocrx_word' id='word_1_229' title='bbox 2697 2696 2858 2760; x_wconf 89' lang='lat' dir='ltr'><strong>haec</strong></span> 
     </span>
     <span class='ocr_line' id='line_1_24' title="bbox 267 2806 2855 2891; baseline -0 -21"><span class='ocrx_word' id='word_1_230' title='bbox 267 2808 477 2870; x_wconf 86' lang='lat' dir='ltr'><strong>oratio</strong></span> <span class='ocrx_word' id='word_1_231' title='bbox 536 2809 977 2890; x_wconf 87' lang='lat' dir='ltr'><strong>compluribus</strong></span> <span class='ocrx_word' id='word_1_232' title='bbox 1037 2810 1219 2871; x_wconf 89' lang='lat' dir='ltr'><strong>annis</strong></span> <span class='ocrx_word' id='word_1_233' title='bbox 1268 2817 1419 2891; x_wconf 86' lang='lat' dir='ltr'><strong>post</strong></span> <span class='ocrx_word' id='word_1_234' title='bbox 1466 2806 1692 2870; x_wconf 87' lang='lat' dir='ltr'><strong>habita</strong></span> <span class='ocrx_word' id='word_1_235' title='bbox 1737 2815 1872 2883; x_wconf 89' lang='lat' dir='ltr'><strong>est,</strong></span> <span class='ocrx_word' id='word_1_236' title='bbox 1936 2806 2052 2869; x_wconf 90' lang='lat' dir='ltr'><strong>sed</strong></span> <span class='ocrx_word' id='word_1_237' title='bbox 2099 2828 2164 2870; x_wconf 85' lang='lat' dir='ltr'><strong>re</strong></span> <span class='ocrx_word' id='word_1_238' title='bbox 2215 2808 2387 2890; x_wconf 90' lang='lat' dir='ltr'><strong>ipsa,</strong></span> <span class='ocrx_word' id='word_1_239' title='bbox 2454 2826 2855 2890; x_wconf 88' lang='lat' dir='ltr'><strong>quamquam</strong></span> 
     </span>
     <span class='ocr_line' id='line_1_25' title="bbox 270 2917 2856 3002; baseline -0 -22"><span class='ocrx_word' id='word_1_240' title='bbox 270 2918 535 3002; x_wconf 90' lang='lat' dir='ltr'><strong>aliquod</strong></span> <span class='ocrx_word' id='word_1_241' title='bbox 583 2920 893 3001; x_wconf 86' lang='lat' dir='ltr'><strong>temporis</strong></span> <span class='ocrx_word' id='word_1_242' title='bbox 939 2920 1221 3002; x_wconf 86' lang='lat' dir='ltr'><strong>spatium</strong></span> <span class='ocrx_word' id='word_1_243' title='bbox 1289 2920 1452 2981; x_wconf 88' lang='lat' dir='ltr'><strong>inter</strong></span> <span class='ocrx_word' id='word_1_244' title='bbox 1507 2938 1584 2980; x_wconf 90' lang='lat' dir='ltr'><strong>ea</strong></span> <span class='ocrx_word' id='word_1_245' title='bbox 1643 2917 2044 2979; x_wconf 87' lang='lat' dir='ltr'><strong>interiectum</strong></span> <span class='ocrx_word' id='word_1_246' title='bbox 2112 2926 2267 2991; x_wconf 88' lang='lat' dir='ltr'><strong>erat,</strong></span> <span class='ocrx_word' id='word_1_247' title='bbox 2337 2936 2418 2979; x_wconf 92' lang='lat' dir='ltr'><strong>eo</strong></span> <span class='ocrx_word' id='word_1_248' title='bbox 2476 2925 2652 2979; x_wconf 85' lang='lat' dir='ltr'><strong>arcte</strong></span> <span class='ocrx_word' id='word_1_249' title='bbox 2711 2937 2856 2979; x_wconf 88' lang='lat' dir='ltr'><strong>con-</strong></span> 
     </span>
     <span class='ocr_line' id='line_1_26' title="bbox 264 3026 2854 3114; baseline 0 -23"><span class='ocrx_word' id='word_1_250' title='bbox 264 3029 521 3092; x_wconf 89' lang='lat' dir='ltr'><strong>iunctae</strong></span> <span class='ocrx_word' id='word_1_251' title='bbox 581 3040 793 3103; x_wconf 88' lang='lat' dir='ltr'><strong>erant,</strong></span> <span class='ocrx_word' id='word_1_252' title='bbox 865 3030 1038 3114; x_wconf 92' lang='lat' dir='ltr'><strong>quod</strong></span> <span class='ocrx_word' id='word_1_253' title='bbox 1108 3050 1241 3112; x_wconf 86' lang='lat' dir='ltr'><strong>pax</strong></span> <span class='ocrx_word' id='word_1_254' title='bbox 1297 3030 1622 3092; x_wconf 88' lang='lat' dir='ltr'><strong>amnestia</strong></span> <span class='ocrx_word' id='word_1_255' title='bbox 1687 3037 1913 3090; x_wconf 87' lang='lat' dir='ltr'><strong>sancta</strong></span> <span class='ocrx_word' id='word_1_256' title='bbox 1971 3029 2244 3109; x_wconf 86' lang='lat' dir='ltr'><strong>repetita</strong></span> <span class='ocrx_word' id='word_1_257' title='bbox 2305 3038 2370 3092; x_wconf 91' lang='lat' dir='ltr'><strong>et</strong></span> <span class='ocrx_word' id='word_1_258' title='bbox 2429 3026 2679 3089; x_wconf 87' lang='lat' dir='ltr'><strong>firmata</strong></span> <span class='ocrx_word' id='word_1_259' title='bbox 2737 3037 2854 3106; x_wconf 85' lang='lat' dir='ltr'><strong>est.</strong></span> 
     </span>
     <span class='ocr_line' id='line_1_27' title="bbox 262 3138 2850 3224; baseline -0.001 -23"><span class='ocrx_word' id='word_1_260' title='bbox 262 3140 518 3204; x_wconf 90' lang='lat' dir='ltr'><strong>Eodem</strong></span> <span class='ocrx_word' id='word_1_261' title='bbox 564 3149 783 3203; x_wconf 87' lang='lat' dir='ltr'><strong>autem</strong></span> <span class='ocrx_word' id='word_1_262' title='bbox 830 3141 968 3202; x_wconf 88' lang='lat' dir='ltr'><strong>iure</strong></span> <span class='ocrx_word' id='word_1_263' title='bbox 1015 3140 1285 3204; x_wconf 86' lang='lat' dir='ltr'><strong>verbum</strong></span> <span class='ocrx_word' id='word_1_264' title='bbox 1332 3141 1659 3224; x_wconf 79' lang='grc' dir='ltr'><strong><em>συνθῆκαι</em></strong></span> <span class='ocrx_word' id='word_1_265' title='bbox 1705 3139 1919 3201; x_wconf 89' lang='lat' dir='ltr'><strong>solum</strong></span> <span class='ocrx_word' id='word_1_266' title='bbox 1980 3159 2101 3221; x_wconf 91' lang='lat' dir='ltr'><strong>pro</strong></span> <span class='ocrx_word' id='word_1_267' title='bbox 2149 3147 2288 3201; x_wconf 88' lang='lat' dir='ltr'><strong>tota</strong></span> <span class='ocrx_word' id='word_1_268' title='bbox 2332 3139 2647 3202; x_wconf 86' lang='lat' dir='ltr'><strong>amnestia</strong></span> <span class='ocrx_word' id='word_1_269' title='bbox 2692 3138 2850 3219; x_wconf 90' lang='lat' dir='ltr'><strong>poni</strong></span> 
     </span>
     <span class='ocr_line' id='line_1_28' title="bbox 262 3248 2848 3335; baseline -0.001 -24"><span class='ocrx_word' id='word_1_270' title='bbox 262 3251 495 3332; x_wconf 85' lang='lat' dir='ltr'><strong>potuit,</strong></span> <span class='ocrx_word' id='word_1_271' title='bbox 548 3272 679 3335; x_wconf 91' lang='lat' dir='ltr'><strong>quo</strong></span> <span class='ocrx_word' id='word_1_272' title='bbox 726 3251 851 3313; x_wconf 89' lang='lat' dir='ltr'><strong>hoc</strong></span> <span class='ocrx_word' id='word_1_273' title='bbox 898 3250 1039 3313; x_wconf 89' lang='lat' dir='ltr'><strong>solo</strong></span> <span class='ocrx_word' id='word_1_274' title='bbox 1086 3251 1287 3313; x_wconf 90' lang='lat' dir='ltr'><strong>verbo</strong></span> <span class='ocrx_word' id='word_1_275' title='bbox 1334 3270 1565 3332; x_wconf 89' lang='lat' dir='ltr'><strong>pacem</strong></span> <span class='ocrx_word' id='word_1_276' title='bbox 1612 3248 1952 3331; x_wconf 82' lang='lat' dir='ltr'><strong>significari</strong></span> <span class='ocrx_word' id='word_1_277' title='bbox 2000 3268 2194 3332; x_wconf 84' lang='lat' dir='ltr'><strong>posse</strong></span> <span class='ocrx_word' id='word_1_278' title='bbox 2241 3268 2439 3330; x_wconf 88' lang='lat' dir='ltr'><strong>supra</strong></span> <span class='ocrx_word' id='word_1_279' title='bbox 2485 3249 2542 3332; x_wconf 63' lang='grc' dir='ltr'><strong>(ξ</strong></span> <span class='ocrx_word' id='word_1_280' title='bbox 2574 3249 2644 3330; x_wconf 90' lang='lat'><strong>9)</strong></span> <span class='ocrx_word' id='word_1_281' title='bbox 2690 3248 2848 3310; x_wconf 87' lang='lat' dir='ltr'><strong>Vidi·</strong></span> 
     </span>
     <span class='ocr_line' id='line_1_29' title="bbox 262 3353 2852 3444; baseline -0 -22"><span class='ocrx_word' id='word_1_282' title='bbox 262 3380 427 3422; x_wconf 71' lang='lat' dir='ltr'><strong>mus,</strong></span> <span class='ocrx_word' id='word_1_283' title='bbox 506 3360 729 3444; x_wconf 89' lang='lat' dir='ltr'><strong>Atque</strong></span> <span class='ocrx_word' id='word_1_284' title='bbox 778 3361 1011 3423; x_wconf 90' lang='lat' dir='ltr'><strong>eodem</strong></span> <span class='ocrx_word' id='word_1_285' title='bbox 1059 3362 1259 3424; x_wconf 92' lang='lat' dir='ltr'><strong>modo</strong></span> <span class='ocrx_word' id='word_1_286' title='bbox 1304 3360 1573 3423; x_wconf 85' lang='lat' dir='ltr'><strong>verbum</strong></span> <span class='ocrx_word' id='word_1_287' title='bbox 1621 3353 1822 3443; x_wconf 90' lang='grc' dir='ltr'><strong><em>ὅρκοι,</em></strong></span> <span class='ocrx_word' id='word_1_288' title='bbox 1875 3360 2052 3443; x_wconf 89' lang='lat' dir='ltr'><strong>quod</strong></span> <span class='ocrx_word' id='word_1_289' title='bbox 2099 3359 2418 3422; x_wconf 85' lang='lat' dir='ltr'><strong>invenitur</strong></span> <span class='ocrx_word' id='word_1_290' title='bbox 2464 3359 2527 3421; x_wconf 88' lang='lat' dir='ltr'><strong>in</strong></span> <span class='ocrx_word' id='word_1_291' title='bbox 2577 3359 2704 3443; x_wconf 74' lang='lat'>§2,</span> <span class='ocrx_word' id='word_1_292' title='bbox 2750 3374 2852 3431; x_wconf 91' lang='lat'><strong>20,</strong></span> 
     </span>
     <span class='ocr_line' id='line_1_30' title="bbox 265 3468 2855 3555; baseline -0.001 -22"><span class='ocrx_word' id='word_1_293' title='bbox 265 3487 370 3543; x_wconf 89' lang='lat'>21,</span> <span class='ocrx_word' id='word_1_294' title='bbox 422 3486 457 3532; x_wconf 92' lang='lat'>2</span> <span class='ocrx_word' id='word_1_295' title='bbox 471 3483 525 3549; x_wconf 84' lang='lat'>5,</span> <span class='ocrx_word' id='word_1_296' title='bbox 573 3488 678 3548; x_wconf 91' lang='lat'>44,</span> <span class='ocrx_word' id='word_1_297' title='bbox 716 3481 783 3533; x_wconf 89' lang='lat' dir='ltr'><strong>et</strong></span> <span class='ocrx_word' id='word_1_298' title='bbox 804 3472 1082 3533; x_wconf 81' lang='lat' dir='ltr'><strong>&#39;verbum</strong></span> <span class='ocrx_word' id='word_1_299' title='bbox 1130 3468 1553 3555; x_wconf 74' lang='grc' dir='ltr'><strong><em>ἐνορκοῢντες</em></strong></span> <span class='ocrx_word' id='word_1_300' title='bbox 1600 3471 1662 3531; x_wconf 90' lang='lat' dir='ltr'><strong>in</strong></span> <span class='ocrx_word' id='word_1_301' title='bbox 1707 3474 1746 3551; x_wconf 67' lang='grc' dir='ltr'>ξ</span> <span class='ocrx_word' id='word_1_302' title='bbox 1799 3489 1832 3550; x_wconf 85' lang='lat'>3</span> <span class='ocrx_word' id='word_1_303' title='bbox 1898 3470 2330 3551; x_wconf 83' lang='lat' dir='ltr'><strong>intellegenda</strong></span> <span class='ocrx_word' id='word_1_304' title='bbox 2373 3477 2522 3532; x_wconf 90' lang='lat' dir='ltr'><strong>sunt</strong></span> <span class='ocrx_word' id='word_1_305' title='bbox 2569 3470 2651 3532; x_wconf 89' lang='lat' dir='ltr'><strong>de</strong></span> <span class='ocrx_word' id='word_1_306' title='bbox 2698 3469 2855 3530; x_wconf 87' lang='lat' dir='ltr'><strong>iure-</strong></span> 
     </span>
     <span class='ocr_line' id='line_1_31' title="bbox 258 3580 2852 3665; baseline 0 -24"><span class='ocrx_word' id='word_1_307' title='bbox 258 3580 548 3653; x_wconf 80' lang='lat' dir='ltr'><strong>iurandO,</strong></span> <span class='ocrx_word' id='word_1_308' title='bbox 601 3601 732 3663; x_wconf 89' lang='lat' dir='ltr'><strong>quo</strong></span> <span class='ocrx_word' id='word_1_309' title='bbox 777 3596 1004 3643; x_wconf 89' lang='lat' dir='ltr'><strong>omnes</strong></span> <span class='ocrx_word' id='word_1_310' title='bbox 1050 3590 1203 3663; x_wconf 88' lang='lat' dir='ltr'><strong>post</strong></span> <span class='ocrx_word' id='word_1_311' title='bbox 1255 3582 1560 3644; x_wconf 87' lang='lat' dir='ltr'><strong>Eleusina</strong></span> <span class='ocrx_word' id='word_1_312' title='bbox 1622 3591 1883 3665; x_wconf 89' lang='lat' dir='ltr'><strong>captam</strong></span> <span class='ocrx_word' id='word_1_313' title='bbox 1951 3580 2088 3644; x_wconf 87' lang='lat' dir='ltr'><strong>illas</strong></span> <span class='ocrx_word' id='word_1_314' title='bbox 2152 3580 2566 3643; x_wconf 87' lang='lat' dir='ltr'><strong>condiciones</strong></span> <span class='ocrx_word' id='word_1_315' title='bbox 2626 3600 2852 3642; x_wconf 89' lang='lat' dir='ltr'><strong>sanxe-</strong></span> 
     </span>
     <span class='ocr_line' id='line_1_32' title="bbox 260 3690 2854 3773; baseline 0 -22"><span class='ocrx_word' id='word_1_316' title='bbox 260 3698 427 3764; x_wconf 89' lang='lat' dir='ltr'><strong>runt,</strong></span> <span class='ocrx_word' id='word_1_317' title='bbox 478 3699 544 3752; x_wconf 92' lang='lat' dir='ltr'><strong>et</strong></span> <span class='ocrx_word' id='word_1_318' title='bbox 590 3711 670 3753; x_wconf 93' lang='lat' dir='ltr'><strong>eo</strong></span> <span class='ocrx_word' id='word_1_319' title='bbox 714 3691 911 3753; x_wconf 89' lang='lat' dir='ltr'><strong>etiam</strong></span> <span class='ocrx_word' id='word_1_320' title='bbox 957 3691 1366 3754; x_wconf 87' lang='lat' dir='ltr'><strong>referendum</strong></span> <span class='ocrx_word' id='word_1_321' title='bbox 1415 3701 1513 3755; x_wconf 88' lang='lat' dir='ltr'><strong>est</strong></span> <span class='ocrx_word' id='word_1_322' title='bbox 1558 3693 1840 3755; x_wconf 90' lang='lat' dir='ltr'><strong>iudicum</strong></span> <span class='ocrx_word' id='word_1_323' title='bbox 1890 3692 2319 3753; x_wconf 86' lang='lat' dir='ltr'><strong>iuramentum</strong></span> <span class='ocrx_word' id='word_1_324' title='bbox 2369 3690 2431 3751; x_wconf 91' lang='lat' dir='ltr'><strong>in</strong></span> <span class='ocrx_word' id='word_1_325' title='bbox 2480 3690 2514 3773; x_wconf 59' lang='grc' dir='ltr'><strong>ἕ</strong></span> <span class='ocrx_word' id='word_1_326' title='bbox 2553 3705 2636 3769; x_wconf 86' lang='lat'><strong>34</strong></span> <span class='ocrx_word' id='word_1_327' title='bbox 2680 3710 2854 3752; x_wconf 90' lang='lat' dir='ltr'><strong>com·</strong></span> 
     </span>
     <span class='ocr_line' id='line_1_33' title="bbox 258 3799 2847 3885; baseline -0 -23"><span class='ocrx_word' id='word_1_328' title='bbox 258 3809 716 3873; x_wconf 89' lang='lat' dir='ltr'><strong>memoratum,</strong></span> <span class='ocrx_word' id='word_1_329' title='bbox 764 3802 846 3864; x_wconf 91' lang='lat' dir='ltr'><strong>de</strong></span> <span class='ocrx_word' id='word_1_330' title='bbox 893 3822 1026 3885; x_wconf 94' lang='lat' dir='ltr'><strong>quo</strong></span> <span class='ocrx_word' id='word_1_331' title='bbox 1070 3822 1266 3883; x_wconf 87' lang='lat' dir='ltr'><strong>supra</strong></span> <span class='ocrx_word' id='word_1_332' title='bbox 1312 3805 1379 3885; x_wconf 62' lang='grc' dir='ltr'><strong>(ξ</strong></span> <span class='ocrx_word' id='word_1_333' title='bbox 1412 3803 1482 3884; x_wconf 89' lang='lat'><strong>6)</strong></span> <span class='ocrx_word' id='word_1_334' title='bbox 1529 3803 1657 3866; x_wconf 88' lang='lat' dir='ltr'><strong>iam</strong></span> <span class='ocrx_word' id='word_1_335' title='bbox 1702 3803 1973 3883; x_wconf 68' lang='lat' dir='ltr'><strong>egimus</strong></span> <span class='ocrx_word' id='word_1_336' title='bbox 2047 3801 2325 3868; x_wconf 89' lang='lat' dir='ltr'><strong>Duobus</strong></span> <span class='ocrx_word' id='word_1_337' title='bbox 2359 3799 2636 3884; x_wconf 89' lang='lat' dir='ltr'><strong>denique</strong></span> <span class='ocrx_word' id='word_1_338' title='bbox 2671 3800 2847 3874; x_wconf 81' lang='lat' dir='ltr'><strong>locis,</strong></span> 
     </span>
     <span class='ocr_line' id='line_1_34' title="bbox 256 3906 2850 3997; baseline 0.002 -25"><span class='ocrx_word' id='word_1_339' title='bbox 256 3912 293 3995; x_wconf 64' lang='grc' dir='ltr'>ξ</span> <span class='ocrx_word' id='word_1_340' title='bbox 332 3927 414 3989; x_wconf 85' lang='grc'><strong>29</strong></span> <span class='ocrx_word' id='word_1_341' title='bbox 461 3920 525 3973; x_wconf 92' lang='lat' dir='ltr'><strong>et</strong></span> <span class='ocrx_word' id='word_1_342' title='bbox 549 3912 591 3995; x_wconf 60' lang='grc' dir='ltr'><strong>ξ</strong></span> <span class='ocrx_word' id='word_1_343' title='bbox 623 3912 728 3991; x_wconf 87' lang='lat'>67,</span> <span class='ocrx_word' id='word_1_344' title='bbox 763 3912 1078 3978; x_wconf 83' lang='lat' dir='ltr'><strong>amnestia</strong></span> <span class='ocrx_word' id='word_1_345' title='bbox 1107 3912 1302 3994; x_wconf 87' lang='lat' dir='ltr'><strong>pleno</strong></span> <span class='ocrx_word' id='word_1_346' title='bbox 1337 3914 1616 3987; x_wconf 89' lang='lat' dir='ltr'><strong>nomine,</strong></span> <span class='ocrx_word' id='word_1_347' title='bbox 1657 3906 1877 3997; x_wconf 73' lang='grc' dir='ltr'><strong><em>»ὅρκοι</em></strong></span> <span class='ocrx_word' id='word_1_348' title='bbox 1907 3912 2017 3976; x_wconf 88' lang='grc' dir='ltr'><strong>καὶ</strong></span> <span class='ocrx_word' id='word_1_349' title='bbox 2049 3914 2427 3995; x_wconf 70' lang='grc' dir='ltr'><strong><em>συνθῆκαι(</em></strong></span> <span class='ocrx_word' id='word_1_350' title='bbox 2470 3910 2850 3992; x_wconf 82' lang='lat' dir='ltr'><strong>appellatur.</strong></span> 
     </span>
     <span class='ocr_line' id='line_1_35' title="bbox 256 4019 2852 4106; baseline 0.002 -23"><span class='ocrx_word' id='word_1_351' title='bbox 256 4022 364 4084; x_wconf 92' lang='lat' dir='ltr'><strong>De</strong></span> <span class='ocrx_word' id='word_1_352' title='bbox 411 4022 521 4095; x_wconf 81' lang='lat' dir='ltr'><strong>eiS,</strong></span> <span class='ocrx_word' id='word_1_353' title='bbox 570 4042 737 4106; x_wconf 88' lang='lat' dir='ltr'><strong>quae</strong></span> <span class='ocrx_word' id='word_1_354' title='bbox 781 4024 814 4106; x_wconf 64' lang='grc' dir='ltr'>ξ</span> <span class='ocrx_word' id='word_1_355' title='bbox 852 4038 935 4085; x_wconf 92' lang='lat'><strong>20</strong></span> <span class='ocrx_word' id='word_1_356' title='bbox 980 4022 1062 4088; x_wconf 89' lang='lat' dir='ltr'><strong>de</strong></span> <span class='ocrx_word' id='word_1_357' title='bbox 1107 4024 1464 4086; x_wconf 89' lang='lat' dir='ltr'><strong>amnestiae</strong></span> <span class='ocrx_word' id='word_1_358' title='bbox 1512 4023 2002 4087; x_wconf 89' lang='lat' dir='ltr'><strong>condicionibus</strong></span> <span class='ocrx_word' id='word_1_359' title='bbox 2049 4022 2528 4105; x_wconf 79' lang='lat' dir='ltr'><strong>comperimu5,.</strong></span> <span class='ocrx_word' id='word_1_360' title='bbox 2556 4019 2852 4088; x_wconf 84' lang='lat' dir='ltr'><strong>conseras</strong></span> 
     </span>
     <span class='ocr_line' id='line_1_36' title="bbox 257 4127 2851 4216; baseline 0 -22"><span class='ocrx_word' id='word_1_361' title='bbox 257 4152 357 4207; x_wconf 87' lang='lat' dir='ltr'><strong>ea,</strong></span> <span class='ocrx_word' id='word_1_362' title='bbox 406 4152 576 4215; x_wconf 91' lang='lat' dir='ltr'><strong>quae</strong></span> <span class='ocrx_word' id='word_1_363' title='bbox 623 4154 819 4214; x_wconf 89' lang='lat' dir='ltr'><strong>supra</strong></span> <span class='ocrx_word' id='word_1_364' title='bbox 851 4135 913 4216; x_wconf 63' lang='grc' dir='ltr'><strong>(ξ</strong></span> <span class='ocrx_word' id='word_1_365' title='bbox 952 4134 1016 4215; x_wconf 92' lang='grc'><strong>7)</strong></span> <span class='ocrx_word' id='word_1_366' title='bbox 1048 4133 1489 4215; x_wconf 83' lang='lat' dir='ltr'><strong>exposuimus,</strong></span> <span class='ocrx_word' id='word_1_367' title='bbox 1567 4134 1827 4196; x_wconf 87' lang='lat' dir='ltr'><strong>Deinde</strong></span> <span class='ocrx_word' id='word_1_368' title='bbox 1872 4133 2001 4196; x_wconf 89' lang='lat' dir='ltr'><strong>duo</strong></span> <span class='ocrx_word' id='word_1_369' title='bbox 2031 4141 2276 4195; x_wconf 85' lang='lat' dir='ltr'><strong>restant</strong></span> <span class='ocrx_word' id='word_1_370' title='bbox 2307 4132 2428 4193; x_wconf 90' lang='lat' dir='ltr'><strong>loci</strong></span> <span class='ocrx_word' id='word_1_371' title='bbox 2462 4151 2499 4193; x_wconf 98' lang='lat' dir='ltr'><strong>a</strong></span> <span class='ocrx_word' id='word_1_372' title='bbox 2531 4127 2851 4194; x_wconf 89' lang='lat' dir='ltr'><strong>Grossero</strong></span> 
     </span>
     <span class='ocr_line' id='line_1_37' title="bbox 252 4241 2847 4326; baseline 0 -22"><span class='ocrx_word' id='word_1_373' title='bbox 252 4242 451 4319; x_wconf 84' lang='lat' dir='ltr'><strong>allati,</strong></span> <span class='ocrx_word' id='word_1_374' title='bbox 500 4243 618 4326; x_wconf 86' lang='lat' dir='ltr'><strong>qui·</strong></span> <span class='ocrx_word' id='word_1_375' title='bbox 657 4264 739 4305; x_wconf 91' lang='lat' dir='ltr'><strong>ex</strong></span> <span class='ocrx_word' id='word_1_376' title='bbox 787 4244 923 4305; x_wconf 87' lang='lat' dir='ltr'><strong>eius</strong></span> <span class='ocrx_word' id='word_1_377' title='bbox 970 4243 1185 4308; x_wconf 88' lang='lat' dir='ltr'><strong>verbis</strong></span> <span class='ocrx_word' id='word_1_378' title='bbox 1231 4253 1489 4308; x_wconf 87' lang='lat' dir='ltr'><strong>nostrae</strong></span> <span class='ocrx_word' id='word_1_379' title='bbox 1536 4244 1894 4307; x_wconf 88' lang='lat' dir='ltr'><strong>sententiae</strong></span> <span class='ocrx_word' id='word_1_380' title='bbox 1964 4242 2233 4326; x_wconf 92' lang='lat' dir='ltr'><strong>obloqui</strong></span> <span class='ocrx_word' id='word_1_381' title='bbox 2309 4241 2507 4303; x_wconf 89' lang='lat' dir='ltr'><strong>videri</strong></span> <span class='ocrx_word' id='word_1_382' title='bbox 2554 4249 2847 4323; x_wconf 89' lang='lat' dir='ltr'><strong>possunt,</strong></span> 
     </span>
     <span class='ocr_line' id='line_1_38' title="bbox 254 4351 2845 4437; baseline 0.001 -22"><span class='ocrx_word' id='word_1_383' title='bbox 254 4356 299 4433; x_wconf 65' lang='grc' dir='ltr'>ξ</span> <span class='ocrx_word' id='word_1_384' title='bbox 337 4370 371 4415; x_wconf 87' lang='grc'>2</span> <span class='ocrx_word' id='word_1_385' title='bbox 406 4374 501 4437; x_wconf 91' lang='lat' dir='ltr'><strong>sq.</strong></span> <span class='ocrx_word' id='word_1_386' title='bbox 543 4362 607 4415; x_wconf 91' lang='lat' dir='ltr'><strong>et</strong></span> <span class='ocrx_word' id='word_1_387' title='bbox 636 4356 677 4434; x_wconf 65' lang='grc' dir='ltr'><strong>ξ</strong></span> <span class='ocrx_word' id='word_1_388' title='bbox 711 4356 813 4428; x_wconf 90' lang='grc'><strong>28,</strong></span> <span class='ocrx_word' id='word_1_389' title='bbox 864 4374 1138 4437; x_wconf 90' lang='lat' dir='ltr'><strong>quorum</strong></span> <span class='ocrx_word' id='word_1_390' title='bbox 1170 4356 1383 4436; x_wconf 85' lang='lat' dir='ltr'><strong>priore</strong></span> <span class='ocrx_word' id='word_1_391' title='bbox 1413 4354 1804 4418; x_wconf 85' lang='lat' dir='ltr'><strong>sententiam</strong></span> <span class='ocrx_word' id='word_1_392' title='bbox 1850 4373 2035 4416; x_wconf 88' lang='lat' dir='ltr'><strong>suam</strong></span> <span class='ocrx_word' id='word_1_393' title='bbox 2084 4374 2163 4416; x_wconf 93' lang='lat' dir='ltr'><strong>eo</strong></span> <span class='ocrx_word' id='word_1_394' title='bbox 2213 4351 2452 4419; x_wconf 87' lang='lat' dir='ltr'><strong>firmari</strong></span> <span class='ocrx_word' id='word_1_395' title='bbox 2496 4351 2845 4425; x_wconf 86' lang='lat' dir='ltr'><strong>existimat,</strong></span> 
     </span>
     <span class='ocr_line' id='line_1_39' title="bbox 253 4458 2849 4549; baseline 0 -24"><span class='ocrx_word' id='word_1_396' title='bbox 253 4463 437 4547; x_wconf 88' lang='lat' dir='ltr'><strong>quod</strong></span> <span class='ocrx_word' id='word_1_397' title='bbox 482 4462 695 4527; x_wconf 89' lang='lat' dir='ltr'><strong>verbis</strong></span> <span class='ocrx_word' id='word_1_398' title='bbox 721 4467 1089 4527; x_wconf 78' lang='grc' dir='ltr'><strong><em>κατελθεῖν</em></strong></span> <span class='ocrx_word' id='word_1_399' title='bbox 1119 4473 1186 4528; x_wconf 88' lang='lat' dir='ltr'><strong>et</strong></span> <span class='ocrx_word' id='word_1_400' title='bbox 1205 4461 1280 4528; x_wconf 74' lang='grc' dir='ltr'><strong>αἱ</strong></span> <span class='ocrx_word' id='word_1_401' title='bbox 1314 4467 1641 4549; x_wconf 75' lang='grc' dir='ltr'><strong><em>συνθῆκαι</em></strong></span> <span class='ocrx_word' id='word_1_402' title='bbox 1674 4474 1740 4528; x_wconf 91' lang='lat' dir='ltr'><strong>et</strong></span> <span class='ocrx_word' id='word_1_403' title='bbox 1770 4461 1831 4529; x_wconf 78' lang='grc' dir='ltr'><strong>οἱ</strong></span> <span class='ocrx_word' id='word_1_404' title='bbox 1875 4458 2059 4548; x_wconf 84' lang='grc' dir='ltr'><strong><em>ὅρκοι</em></strong></span> <span class='ocrx_word' id='word_1_405' title='bbox 2092 4461 2267 4530; x_wconf 74' lang='lat' dir='ltr'><strong>etz-c)</strong></span> <span class='ocrx_word' id='word_1_406' title='bbox 2310 4461 2397 4545; x_wconf 81' lang='grc' dir='ltr'><strong>μὴ</strong></span> <span class='ocrx_word' id='word_1_407' title='bbox 2425 4472 2849 4545; x_wconf 78' lang='grc' dir='ltr'><strong><em>μνησικακεῖν</em></strong></span> 
     </span>
    </p>
   </div>
  </div>
 </body>
</html>
