3459 5050
1824 302 1908 368 70

566 503 831 566 omnino
878 502 1033 564 nihil
1078 501 1511 584 imperavisse.
1632 502 1829 583 Quod
1891 502 2199 584 quoniam
2262 520 2394 562 non
2454 498 2821 581 respondet,
2890 497 3165 561 dilucide

566 613 850 676 ostendit
897 613 955 674 in
1009 633 1076 674 re
1120 633 1271 674 vera
1320 612 1469 674 illud
1529 613 2049 675 adversariorum
2113 619 2570 691 argumentum
2637 610 2768 672 niti.
2871 606 3165 672 Efficitur

565 723 761 802 igitur
788 721 1147 805 Spartanos
1178 722 1690 785 Atheniensibus
1724 722 1892 784 hanc
1939 720 2328 804 reipublicae
2355 720 2785 782 mutationem
2811 720 3164 800 imperasse

566 832 669 893 vel
716 832 1076 894 mandasse.
1154 832 1350 913 Quod
1400 832 1611 895 facere
1659 833 1786 894 iam
1835 833 2053 911 potuit
2094 832 2459 904 PausaniaS,
2509 830 2644 903 sed,
2682 822 2832 910 quia
2866 830 3160 911 probabi-

563 941 683 1002 lius
732 951 829 1004 est
877 962 1044 1015 eum,
1096 942 1148 1003 si
1198 943 1285 1004 ita
1332 942 1802 1025 rempublicam
1850 943 2092 1004 institui
2152 941 2480 1014 voluisset,
2544 941 2723 1022 pacis
2781 940 2863 1002 de
2926 940 3045 1001 hac
3095 959 3162 1000 re

563 1052 1014 1114 condicionem
1076 1052 1399 1114 facturum
1457 1051 1684 1126 fuisse,
1762 1050 1916 1115 nihil
1985 1052 2392 1133 relinquitur,
2463 1051 2580 1116 nisi
2654 1061 2724 1112 ut
2809 1059 3170 1112 statuamus

565 1160 1123 1224 Lacedaemonios
1191 1174 1424 1244 postea
1484 1162 1638 1224 talia
1707 1164 2039 1244 optavisse
2105 1161 2207 1225 vel
2287 1162 2737 1242 postulavisse.
2852 1161 3157 1222 Fortasse

559 1272 871 1333 Pausania
915 1273 976 1333 in
1028 1274 1315 1354 patriam
1366 1293 1625 1335 reverso
1675 1281 1741 1334 et
1782 1281 2123 1347 accusato,
2160 1281 2230 1334 ut
2276 1278 2488 1333 narrat
2535 1272 2879 1333 Pausanias
2928 1271 3158 1349 11125,3

467 1437 474 1442 .
565 1383 625 1464 (2
676 1381 928 1460 Bekk.),
995 1383 1517 1456 Lacedaemonii,
1590 1382 1743 1463 quia
1811 1403 1913 1444 res
1987 1383 2070 1444 ab
2143 1401 2222 1443 eo
2280 1392 2499 1462 gestas
2558 1381 2827 1444 infectas
2890 1381 3163 1442 reddere

564 1512 695 1554 non
741 1501 1069 1574 poterant,
1117 1493 1340 1555 statim
1386 1493 1639 1574 legatos
1687 1491 1984 1555 Athenas
2032 1493 2366 1565 miserunt,
2418 1492 2543 1573 qui-
2576 1492 2642 1553 id
2686 1490 2917 1554 saltem
2965 1489 3175 1553 effice-

564 1609 723 1674 rent,
774 1621 852 1663 ne
903 1603 1304 1666 democratia
1350 1602 1687 1686 Spartanis
1736 1604 2019 1665 maxime
2068 1602 2418 1667 metuenda
2467 1602 2656 1684 plane
2704 1602 3167 1665 restitueretur.

570 1712 871 1774 Fortasse
894 1712 1144 1774 Eleusis
1170 1722 1366 1795 capta
1396 1714 1586 1776 huius
1633 1713 1979 1795 legationis
2011 1733 2209 1776 causa
2241 1711 2376 1786 fuit,
2425 1732 2577 1774 nam
2613 1733 2818 1793 usque
2851 1732 2933 1774 eo
2965 1710 3166 1773 Athe·

567 1821 820 1883 nienses
865 1820 990 1883 hac
1037 1824 1297 1885 civitate
1343 1834 1644 1905 separata
1702 1826 1794 1887 eis
1855 1825 2088 1886 infesta
2147 1823 2409 1885 co'erciti
2474 1830 2674 1894 erant,
2747 1821 2871 1883 hac
2948 1829 3171 1883 autem

568 1951 716 1992 cum
765 1932 1042 1993 Athenis
1090 1934 1435 1996 coniuncta
1481 1935 1685 1996 multo
1749 1935 1956 2015 magis
2002 1933 2544 1997 Lacedaemoniis
2593 1931 2924 1994 metuendi
2970 1938 3169 1992 erant.

568 2040 800 2122 Neque
848 2042 908 2104 in
974 2044 1269 2105 oratione
1326 2045 1468 2124 ipsa
1526 2064 1741 2125 neque
1802 2045 1867 2106 in
1925 2031 2247 2123 Dionysii⁴
2291 2051 2679 2122 argumento
2753 2041 2916 2103 ullus
2986 2040 3166 2102 locus

569 2152 820 2224 exstat,'
854 2153 964 2233 qui
1013 2172 1131 2214 nos
1178 2153 1509 2235 impediat,
1561 2154 1910 2235 quominus
1957 2162 2109 2236 post
2156 2153 2460 2214 Eleusina
2506 2161 2956 2233 recuperatam
3001 2150 3167 2212 hanc

567 2275 830 2322 causam
878 2280 1220 2343 ponamus,
1314 2262 1643 2325 Facillime
1691 2273 1910 2325 autem
1956 2264 2067 2336 sie,
2120 2272 2191 2324 ut
2238 2263 2536 2324 omittam
2586 2260 2883 2342 Dionysii
2934 2261 3134 2322 verba
3155 2281 3181 2341 t,

575 2371 722 2433 »καὶ
769 2350 1042 2434 πολλῶν
1088 2367 1253 2455 ὑπὲρ
1318 2373 1561 2437 τούτου
1619 2372 1981 2456 γινομένων
2042 2372 2322 2456 λόγωνεε,
2390 2373 2766 2455 explicatur,
2794 2366 2796 2368 ’
2829 2392 2942 2434 cur
2999 2372 3172 2432 idem

570 2481 778 2545 dicat:
837 2474 1198 2547 »ὑπόθεσιν
1228 2483 1294 2547 δὲ
1325 2485 1702 2569 περιείληφε
1736 2482 1860 2567 τὴν
1883 2484 2032 2567 περὶ
2061 2491 2182 2570 τοῦ
2215 2482 2303 2568 μὴ
2333 2487 2695 2549 καταλῦσαι
2737 2481 2860 2565 τὴν
2891 2480 3176 2565 πάτριον

569 2594 909 2656 πολιτείαν
935 2589 1302 2677 s'iffljvmc«.
1397 2595 1595 2675 Quod
1646 2604 1864 2656 autem
1924 2595 2157 2656 attinet
2214 2595 2296 2656 ad
2345 2594 2615 2657 alteram
2672 2592 3012 2656 Phormisii
3077 2612 3173 2653 ro-

565 2703 845 2783 gationis
894 2715 1164 2783 partem,
1210 2725 1377 2786 quae
1425 2703 1546 2765 hac
1596 2704 1910 2777 oratione,
1979 2725 2148 2785 quae
2199 2724 2330 2766 non
2396 2725 2522 2766 una
2567 2712 2797 2790 contra
2832 2702 3018 2766 ,hanc
3077 2722 3172 2763 ro·

566 2814 901 2893 gationem
946 2813 1169 2876 habita
1216 2823 1332 2888 est,
1384 2814 1649 2876 omnino
1699 2834 1830 2876 non
1884 2815 2185 2894 tangitur,
2246 2814 2361 2877 sed
2408 2836 2446 2875 a
2502 2814 2846 2895 Dionysiov
2886 2832 3167 2875 comme-

568 2932 856 2985 moratur
884 2924 1127 2988 verbis:
1186 2922 1379 2998 »τοὺς
1423 2923 1543 3006 μὲν
1579 2924 1956 3008 φεύγοντας
2003 2924 2356 2999 κατιέναιι,
2401 2925 2672 2986 verbum
2720 2922 3163 3005 »φεύγονταςι

568 3032 786 3108 referri
854 3053 983 3094 non
1031 3041 1251 3115 potest
1296 3054 1445 3095 cum
1508 3031 1828 3096 Grossero
1888 3035 1969 3096 ad
2031 3056 2144 3097 eos
2206 3036 2504 3107 urbanos,
2567 3034 2681 3115 qui
2734 3033 3036 3095 Eleusina
3098 3052 3170 3094 se

571 3141 995 3217 contulerant,
1047 3143 1156 3224 qui
1202 3143 1368 3205 male
1416 3143 1775 3225 φεύγοντες
1822 3145 2307 3208 nominarentur
2373 3163 2584 3223 neque
2648 3143 2938 3218 omnin0,
3015 3142 3171 3222 quia

571 3272 685 3313 sua
730 3261 968 3334 sponte
1030 3271 1110 3313 eo
1169 3253 1626 3332 migraverant,
1692 3254 1820 3316 hoc
1869 3255 2070 3316 modo
2142 3255 2429 3316 revocari
2492 3262 2861 3336 potuerunt,
2913 3252 3053 3334 sed,
3087 3254 3172 3313 ad

571 3381 704 3434 e05,
754 3362 863 3442 qui
909 3362 992 3423 ab
1025 3363 1377 3426 amnestiae
1409 3362 1728 3424 beneficio
1775 3363 2021 3424 exclusi
2055 3372 2254 3435 erant,
2308 3363 2347 3428 i.
2377 3384 2433 3428 e.
2483 3363 2922 3445 trigintaviros
2953 3382 3173 3443 super-

570 3472 751 3534 stites
797 3480 862 3534 et
911 3473 1386 3535 undecimviros
1445 3474 1534 3553 (et
1593 3474 1999 3536 decemviros
2059 3474 2444 3546 PiraeenseS,
2505 3473 2584 3536 cf.
2631 3473 2666 3556 ξ
2724 3474 2847 3555 19).
2936 3471 3172 3536 Eidem

572 3581 767 3661 igitur
812 3592 979 3656 sunt,
1031 3583 1137 3661 qui
1187 3582 1362 3664 apud
1411 3582 1827 3645 Andocidem
1872 3582 1899 3643 I
1945 3600 2022 3661 91
2080 3584 2142 3645 in
2191 3592 2454 3645 senatus
2512 3583 2922 3644 iureiurando
2984 3582 3173 3662 signi-

569 3689 841 3752 ficantur
899 3693 1148 3754 verbis:
1222 3690 1437 3775 »πλὴν
1501 3694 1643 3755 τῶν
1713 3690 2109 3775 φυγόντων(
2165 3702 2230 3755 et
2295 3691 2552 3772 saepius
2614 3693 3040 3774 respiciuntur
3109 3691 3173 3752 in

572 3800 808 3880 Lysiae
852 3803 1147 3865 oratione
1193 3802 1398 3872 XXV,
1453 3802 1561 3863 ubi
1610 3804 1651 3882 ἓ
1703 3814 1787 3878 24
1842 3800 1941 3865 »οἱ
1989 3802 2383 3885 φεύγοντες(
2438 3802 2864 3865 nominantur.

786 3911 919 3973 Vix
966 3912 1337 3974 addendum
1389 3910 1543 3974 mihi
1605 3922 1704 3973 est
1751 3913 2134 3974 amnestiam
2181 3911 2302 3974 hac
2359 3932 2555 3974 causa
2601 3917 2731 3975 non
2779 3912 2966 3985 laedi,
3017 3911 3169 3992 quia

571 4018 971 4081 Phormisius
1018 4031 1286 4103 propter
1332 4043 1432 4084 res
1479 4031 1670 4085 antea
1717 4034 1940 4102 gestas
1984 4042 2377 4102 quemquam
2421 4043 2459 4084 a
2507 4003 2838 4104 republica
2887 4021 3174 4101 gerenda

574 4129 831 4191 excludi
881 4129 1103 4195 noluit.

787 4239 823 4322 ᾗ
871 4240 975 4303 28.
1072 4240 1245 4302 Inter
1290 4261 1399 4302 eas
1448 4243 1775 4305 orationes
1821 4253 2129 4316 servataS‚
2181 4263 2350 4323 quae
2415 4252 2566 4323 post
2628 4241 3010 4305 amnestiam
3072 4240 3176 4301 de-

574 4358 821 4411 cretam
865 4349 1142 4435 habitae·
1178 4359 1328 4412 sunt
1375 4361 1441 4414 et
1485 4352 1567 4414 de
1615 4373 1806 4415 causa
1840 4353 2149 4414 adversus
2195 4352 2579 4414 amnestiam
2614 4352 2922 4422 instituta,
2973 4351 3180 4434 prima

571 4459 917 4520 tractanda
949 4459 1138 4520 nobis
1184 4468 1283 4525 est
1313 4460 1554 4542 Lysiae
1587 4464 1796 4525 oratio
1830 4463 2132 4523 vicesima
2179 4461 2421 4545 quinta,¹
2471 4479 2638 4538 quae
2670 4459 2834 4523 falso
2869 4459 3178 4541 inscripta
