3459 5050
1561 300 1635 366 53

500 504 729 587 Neque
792 505 1003 566 minus
1067 523 1164 577 ea,
1213 522 1384 585 quae
1431 503 1640 576 docui,
1690 503 2089 578 affirmantur
2135 502 2418 567 Platonis
2461 502 2564 567 vel
2611 501 2886 565 Pseudo-

289 614 573 677 Platonis
620 614 767 677 loco
811 615 1096 691 laudam,
1145 635 1278 696 quo
1328 615 1488 680 haec
1535 615 1870 695 leguntur:
1930 607 2068 680 »Ἕκ
2114 637 2187 679 τε
2231 612 2355 698 γὰρ
2400 622 2522 679 τοῦ
2566 615 2885 696 Πειραιῶς

290 726 402 789 καὶ
447 735 568 790 τοῦ
616 720 847 800 ἄστεος
892 719 981 801 ὡς
1025 722 1320 808 ἀσμένως
1365 727 1474 789 καὶ
1520 724 1774 800 οἰκείως
1817 721 2123 809 ἀλλήλοις
2153 721 2501 807 ξυνέμιξαν
2530 721 2591 788 οἱ
2622 726 2884 791 πολῖται

287 837 399 899 καὶ
445 831 601 920 παρ’
649 833 879 900 ἐλπίδα
907 849 1045 910 τοῖς
1075 831 1297 911 ἄλλοις
1317 828 1593 921 Ἕλλησι,
1626 833 1749 900 τόν
1777 859 1848 900 τε
1879 834 2047 920 πρὸς
2078 834 2233 910 τούς
2265 830 2569 899 Ἐλευσῖνι
2598 812 2885 915 πόλεμον

277 939 370 1020 ὡς
415 947 694 1030 μετρίως
755 942 1007 1010 ἔθεντο.
1063 947 1173 1010 καὶ
1215 946 1477 1011 τούτων
1522 941 1853 1010 ἁπάντων
1902 942 2092 1010 οὐδὲν
2139 940 2302 1009 ἄλλο
2348 943 2559 1009 α’ίτιον
2600 936 2647 1029 ἢ
2689 938 2728 1027 ἡ
2781 945 2881 1033 τῷ

285 1052 428 1121 ὄντι
471 1056 826 1140 ξυγγένεια,
875 1058 1104 1138 φιλίαν
1147 1057 1407 1136 βέβαιον
1453 1057 1562 1149 καὶ
1608 1051 1947 1139 ὁμόφυλον
1993 1053 2071 1120 οὐ
2103 1054 2300 1140 λόγῳ,
2336 1051 2482 1119 ἀλλ’
2514 1051 2700 1139 ἔργῳ
2719 1038 2901 1141 παρέ

279 1166 561 1250 εχομένη.
625 1166 751 1250 χρὴ
805 1166 872 1231 δὲ
931 1169 1039 1231 καὶ
1099 1175 1236 1232 τῶν
1292 1165 1364 1230 ἐν
1419 1167 1644 1250 τούτῳ
1700 1170 1801 1251 τῷ
1860 1165 2127 1250 πολέμῳ
2186 1163 2725 1259 τελευτησάντφν
2768 1158 2883 1236 ὑπ’

281 1273 592 1360 ἀλλήλων
634 1277 862 1359 μνείαν
908 1273 1077 1359 ἔχειν
1119 1278 1227 1341 καὶ
1275 1277 1686 1342 διαλλάττειν
1733 1274 1976 1352 αὐτοὺς
2023 1266 2079 1351 ᾧ
2126 1274 2483 1358 δυνάμεθα,
2525 1270 2740 1356 εὐχαῖς
2769 1273 2879 1349 καὶ

281 1389 568 1465 θυσίαις,
613 1385 686 1451 ἐν
717 1400 854 1462 τοῖς
882 1388 1177 1465 τοιοῖσδε,
1212 1401 1350 1463 τοῖς
1398 1396 1754 1472 κρατοῦσιν
1804 1383 2027 1451 αὐτῶν
2073 1382 2476 1468 εὐχομένους,
2525 1382 2743 1467 ἐπειδὴ
2773 1383 2881 1449 καὶ

278 1492 458 1581 ἡμεῖς
519 1496 980 1581 ὀιηλλάγμεθα.
1040 1494 1119 1562 οὐ
1176 1496 1301 1582 γὰρ
1347 1500 1542 1586 κακίᾳ
1586 1495 1896 1581 ἀλλήλων
1930 1490 2214 1584 ςἠψαντο
2256 1491 2393 1560 οὐδ’
2439 1493 2663 1583 ἔχθρᾳ,
2712 1490 2883 1575 ἀλλὰ

281 1608 604 1695 δυστυχίᾳ.
670 1606 997 1692 μάρτυρες
1058 1607 1124 1672 δὲ
1166 1603 1342 1693 ἡμεῖς
1388 1605 1577 1673 αὐτοί
1619 1607 1810 1691 ἐσμεν
1860 1607 2124 1672 τούτων
2181 1605 2242 1671 οἱ
2287 1613 2549 1689 ζῶντες
2591 1602 2650 1668 οἱ
2694 1600 2882 1675 αὐτοὶ

281 1715 408 1802 γὰρ
454 1714 639 1793 ὄντες
681 1716 952 1793 ἐκείνοις
997 1717 1166 1801 γένει
1207 1717 1594 1802 ξυγγνώμην
1634 1715 1940 1802 ἀλλήλοις
1979 1714 2205 1800 ἔχομεν
2257 1708 2353 1781 ὧν
2390 1712 2451 1780 τ’
2490 1709 2882 1798 ἐποιήσαμεν

279 1819 377 1892 ὧν
397 1824 458 1893 τ’
521 1825 878 1911 ἐπάθομεν.
980 1825 1146 1911 μετὰ
1191 1828 1257 1893 δὲ
1317 1838 1517 1893 τοῦτο
1578 1832 1944 1903 παντελοῦς
2004 1827 2258 1912 εἰρήνης
2323 1822 2472 1911 ἡμῖν
2536 1823 2880 1911 γενομένης

281 1935 554 2022 ἡσυχίαν
624 1933 778 2023 ἦγεν
843 1935 884 2023 ἡ
952 1937 1202 2014 πόλις(
1315 1941 1534 2002 Etiam
1601 1941 1663 2002 in
1730 1939 1830 2000 his
1895 1940 2014 2001 tria
2085 1939 2190 2000 illa
2261 1937 2427 1999 facta
2499 1936 2878 2016 gravissima

285 2059 722 2123 secernuntur,
776 2051 977 2112 verbo
1028 2049 1444 2133 »ξυνέμιξανι
1511 2050 1827 2111 indicatur
1889 2069 2019 2129 pax
2081 2058 2147 2111 et
2213 2049 2458 2109 reditus
2504 2066 2666 2129 pace
2712 2044 2880 2121 sacta

281 2159 680 2242 impetratuS,
731 2160 964 2222 deinde
996 2160 1279 2222 breviter
1311 2170 1861 2229 commemoratur
1908 2158 2149 2221 bellum
2205 2158 2624 2225 Eleusiniurn.
2691 2155 2872 2238 quod

280 2280 457 2332 arcte
503 2291 651 2331 cum
701 2271 908 2332 reditu
958 2271 1389 2350 coniungitur,
1438 2270 1673 2331 deinde
1717 2269 2128 2331 manifestum
2179 2278 2277 2331 est
2307 2269 2521 2330 verbis
2552 2267 2875 2349 sequenti-

278 2380 422 2456 buS‚
480 2400 648 2461 quae
710 2382 791 2442 de
841 2383 1158 2443 amnestia
1206 2381 1641 2462 intellegenda
1689 2398 1829 2440 esse
1878 2398 2072 2440 nemo
2121 2379 2260 2452 erit,
2311 2379 2422 2460 qui
2470 2387 2685 2456 neget,
2737 2396 2874 2441 rem

284 2489 629 2571 significari
693 2501 844 2573 post
893 2491 1166 2553 reditum
1219 2501 1284 2554 et
1328 2492 1568 2555 bellum
1612 2490 2011 2553 Eleusinium
2060 2488 2315 2562 factam,
2363 2489 2582 2568 itaque
2629 2486 2745 2550 nisi
2793 2487 2877 2550 de

281 2602 599 2664 amnestia
645 2612 780 2664 turn
832 2604 1090 2664 decreta
1139 2602 1419 2683 intellegi
1470 2622 1599 2663 non
1645 2610 1950 2683 possunt,
2025 2599 2091 2682 id
2133 2598 2313 2681 quod
2358 2599 2550 2662 etiam
2601 2594 2876 2666 Grosser

280 2713 599 2786 concedit,
671 2712 825 2792 quia
896 2714 1227 2796 »παντελῆ
1280 2710 1603 2795 εἰρήνηνι,
1669 2713 1753 2774 de
1817 2711 2054 2791 quibus
2113 2710 2328 2772 verbis
2387 2729 2580 2791 supra
2632 2687 2704 2791 ’ᾧ
2784 2710 2881 2792 18)

278 2823 570 2896 disserui,
625 2799 791 2904 quae
841 2823 939 2885 his
986 2823 1176 2884 rebus
1225 2822 1452 2883 effecta
1502 2842 1642 2883 esse
1683 2822 1929 2894 dicitur,
1964 2820 2282 2882 amnestia
2314 2840 2431 2881 sua
2460 2819 2662 2881 altera
2695 2817 2878 2890 effec-

277 2943 415 2995 tam
465 2953 606 2994 esse
653 2954 716 3015 p.
755 2948 826 2993 21
884 2933 1096 2995 docet.
1170 2932 1423 3013 Quodsi
1458 2932 1582 2994 hoc
1610 2915 1937 3003 concedit,
1976 2932 2171 2993 etiarn
2202 2929 2328 2992 hoc
2361 2930 2507 2991 loco
2539 2928 2898 3004 amnestia„

277 3043 637 3125 quam'sibi
682 3044 936 3105 videtur
981 3043 1298 3105 invenisse
1346 3043 1645 3122 priorem,
1697 3042 1887 3122 plane
1935 3041 2316 3122 neglegitur,
2369 3059 2518 3101 nam
2562 3040 2620 3100 in
2672 3039 2876 3120 verbo

278 3153 623 3236 ξυνέμιξαν
668 3154 1023 3216 amnestiae
1068 3153 1435 3235 vestigium'
1464 3173 1656 3215 nemo
1703 3155 1841 3215 sine
1889 3153 2091 3214 dubio
2136 3151 2431 3212 inveniet.

494 3263 836 3325 Habemus
884 3265 1079 3344 igitur
1125 3275 1383 3344 praeter
1430 3285 1523 3337 ea,
1559 3283 1728 3346 quae
1759 3263 2135 3343 Xenophon
2183 3269 2248 3322 et
2284 3261 2560 3323 [ustinus
2593 3270 2870 3333 narrant,

280 3376 445 3436 duos
510 3374 707 3448 locoS,
769 3375 1007 3457 quibus
1068 3374 1318 3437 bellum
1376 3373 1775 3436 Eleusinium
1840 3381 2409 3444 commemoratur,
2477 3380 2541 3431 et
2600 3380 2876 3452 utroque

277 3504 504 3547 eorum
594 3504 855 3567 prorsus
934 3486 1167 3546 eodem
1264 3485 1463 3547 modo
1541 3494 1736 3566 atque
1815 3484 1990 3566 apud
2067 3482 2232 3545 duos
2309 3481 2449 3543 illos
2525 3482 2873 3563 scriptores

280 3597 597 3657 amnestia
658 3605 810 3678 post
872 3594 1024 3657 illud
1084 3595 1321 3657 bellum
1383 3595 1647 3657 decreta
1701 3613 1841 3655 esse
1911 3593 2204 3674 pluribus
2272 3592 2485 3654 verbis
2556 3602 2867 3666 narratur,

276 3704 537 3768 alterius
585 3727 732 3768 cum
781 3726 946 3788 pace
994 3715 1061 3767 et
1106 3727 1254 3768 cum
1304 3706 1599 3784 exsulum
1646 3704 1856 3766 reditu
1905 3704 2292 3765 coniunctae
2325 3702 2571 3765 mentio
2604 3702 2871 3764 omnino

235 3831 238 3837 ·
278 3814 455 3878 nulla
502 3814 591 3889 fit,
644 3825 707 3878 et
756 3816 919 3878 illius
966 3817 1233 3897 quidem
1283 3816 1657 3889 amnestiae,
1707 3834 1906 3897 quam
1954 3811 2227 3875 Grosser
2264 3812 2419 3874 dicit
2449 3810 2650 3873 altera
2686 3819 2870 3873 tanto

278 3928 645 4005 graviorem
692 3925 908 4001 fuisse,
962 3936 1033 3988 ut
1081 3927 1384 3988 omnibus
1431 3926 1660 3987 ceteris
1707 3924 1866 3986 locis
1913 3924 2051 3985 sola
2098 3922 2507 4003 respiciatur!

490 4040 530 4116 ξ
582 4053 685 4102 21.
780 4038 899 4099 His
950 4046 1253 4117 quattuor
1282 4036 1461 4113 locis,
1511 4036 1659 4115 quia
1693 4034 2026 4116 expeditio
2057 4032 2380 4095 Eleusinia
2426 4039 2618 4092 antea
2650 4050 2866 4093 narra-

380 4189 398 4215 ,
445 4148 824 4208 amnestiam
876 4156 1026 4227 post
1075 4166 1222 4209 eam
1286 4147 1616 4208 decretam
1679 4144 2183 4226 intellegendam
2230 4162 2372 4203 esse
2420 4142 2559 4223 ipse
2629 4161 2869 4221 negare

332 4283 368 4337 ⁸<
470 4265 708 4335 potest,
759 4258 988 4319 ceteris
1047 4266 1264 4318 autem
1299 4256 1491 4346 locis,
1558 4256 1792 4335 quibus
1853 4255 2014 4317 haec
2074 4254 2409 4332 expeditio
2480 4251 2864 4332 neglegitur,

284 4392 304 4415 ι
386 4374 581 4430 rtere
625 4377 817 4446 putat
860 4368 1245 4430 amnestiam
1295 4365 1577 4444 intellegi
1641 4364 1878 4426 eodem
1941 4365 2064 4435 die.
2128 4383 2261 4445 quo
2321 4361 2579 4424 exsules
2641 4360 2867 4422 urbem

274 4476 670 4550 intraverint,
732 4479 1077 4542 decretam.
1191 4476 1324 4539 Sed
1382 4485 1633 4538 tantum
1696 4477 1902 4548 abest,
1967 4485 2037 4537 ut
2103 4475 2265 4537 haec
2327 4471 2649 4534 sententia
2708 4471 2867 4532 locis
