3459 5050
1831 210 1919 270 60

563 433 838 498 exstare‚
892 445 1103 508 neque
1149 423 1597 488 demonstrari,
1641 442 1838 505 posse
1900 421 2087 484 simul
2149 442 2297 483 cum
2362 443 2524 504 pace
2587 423 2689 484 vel
2738 423 2955 486 statim
3014 431 3170 505 post

553 522 707 597 ‘earn
758 535 1139 598 amnestiam
1187 533 1667 616 promulgatam
1717 552 1877 605 esse,
1926 532 1979 594 si
2028 533 2416 615 quaerimus,
2454 532 2690 618 quibus
2736 533 2944 597 causis
2996 553 3166 595 com-

563 647 723 709 moti
769 646 885 708 viri
935 646 1110 708 docti
1161 643 1330 707 hanc
1378 644 1766 707 sententiam
1813 644 2220 727 protulerint,
2272 643 2449 725 apud
2495 643 2918 716 Mitfordium,
2966 643 3166 706 Thirl·

560 756 857 827 wallium,
907 755 1239 829 Plassium,
1291 752 1605 818 Groteum
1656 753 1890 816 frustra
1939 754 2326 837 quaerimuS,
2377 754 2528 837 quia
2589 754 2857 816 omnino
2916 762 3166 815 senten-

561 842 723 929 tiam
747 866 940 928 suam
974 864 1375 946 argumentis
1406 884 1538 926 non
1569 864 1846 936 firmant,
1873 864 1988 926 sed
2037 864 2551 943 exspectandum
2586 873 2725 926 erat
2771 861 3163 927 Grosserum

563 996 790 1040 causas
837 994 1192 1057 exponere,
1243 983 1532 1036 attamen
1578 974 1682 1036 hic
1728 993 1996 1057 quoque
2040 993 2250 1055 paene
2313 995 2432 1036 nos
2488 974 2744 1038 deserit.
2853 975 3020 1037 Nam
3081 994 3163 1036 ne

563 1107 760 1149 unum
809 1087 1074 1171 quidem
1120 1085 1336 1147 locum
1398 1084 1630 1155 habet,
1697 1104 1833 1167 quo
1897 1085 2163 1157 nitatur,
2230 1086 2344 1147 sed
2405 1105 2444 1146 a
2490 1105 2606 1146 sua
2655 1085 2960 1167 opinione
3007 1085 3160 1147 exit.

559 1197 957 1280 Numquam,
1005 1204 1075 1257 ut
1120 1214 1269 1275 pag.
1330 1211 1352 1256 1
1410 1203 1477 1256 et
1524 1208 1558 1274 7
1610 1195 1898 1276 exponit,
1948 1193 2071 1256 sibi
2119 1195 2510 1274 persuadere
2552 1195 2768 1275 potuit
2816 1194 3161 1257 Athenien·

558 1327 663 1369 ses
693 1326 819 1369 *eas
863 1326 981 1378 reS,
1030 1324 1198 1389 quae
1228 1322 1456 1365 omnes
1486 1312 1636 1365 ante
1671 1302 1966 1365 exsulum
2006 1304 2281 1365 reditum
2317 1303 2523 1367 factae
2554 1313 2787 1377 essent,
2839 1304 3163 1367 oblivione

560 1415 776 1480 delere
821 1414 1130 1479 nonnullo
1178 1423 1475 1495 tempore
1523 1422 1677 1493 post
1723 1413 2001 1476 reditum
2050 1413 2430 1476 decrevisse.
2529 1415 2614 1477 Et
2682 1423 2951 1497 propter
2996 1415 3160 1477 hanc

559 1526 936 1606 opinionem
986 1525 1043 1586 ei
1092 1523 1306 1603 placet
1352 1543 1582 1586 omnes
1641 1523 1844 1596 locos,
1913 1523 2149 1606 quibus
2208 1525 2565 1587 amnestiae
2635 1524 2881 1586 mentio
2941 1523 3030 1598 fit,
3079 1545 3162 1587 ex

563 1655 684 1698 sua
731 1635 981 1697 ratione
1030 1632 1455 1715 interpretari,
1520 1654 1716 1716 quam
1766 1634 2085 1695 rationem
2130 1632 2542 1697 falsissimam
2601 1654 2743 1696 esse
2789 1654 3019 1697 omnes
3047 1635 3163 1696 viri

560 1745 758 1818 docti,
807 1763 1020 1826 spero,
1070 1745 1199 1805 boc
1243 1743 1462 1825 capite
1509 1742 2027 1805 demonstratum
2075 1742 2430 1810 habebunt.

771 1853 905 1916 Sed
954 1872 1169 1915 nonne
1210 1852 1485 1914 fortasse
1533 1849 1833 1914 Grosseri
1899 1854 2219 1915 sententia
2270 1854 2710 1917 Athenienses
2770 1875 2901 1917 non
2969 1874 3158 1919 ausos

554 1985 698 2028 esse
744 1963 1064 2027 amnestia
1112 1983 1244 2025 non
1278 1961 1536 2024 decreta
1568 1962 1632 2023 in
1678 1981 1872 2023 unam
1917 1962 2246 2025 civitatem
2292 1984 2435 2027 sese
2481 1966 2698 2028 denuo
2747 1966 3158 2047 coniungere,

558 2094 759 2158 quam
808 2075 1003 2137 etiam
1055 2072 1194 2135 illos
1257 2070 1662 2153 Anglicanos
1727 2072 1790 2133 in
1853 2071 2024 2134 hunc
2082 2093 2364 2135 errorem
2427 2074 2758 2137 induxisse
2817 2075 3157 2139 verisimile

557 2193 674 2257 est,
723 2184 1007 2267 aliquam
1054 2182 1258 2244 habet
1303 2180 1969 2243 verisimilitudinem?
2026 2181 2219 2245 Certe
2275 2185 2526 2262 optime
2583 2183 2719 2246 fieri
2781 2186 3013 2266 potuit,
3085 2194 3155 2247 ut

556 2293 726 2356 duae
751 2292 1080 2369 factioneS,
1109 2311 1257 2354 cum
1292 2309 1524 2372 pacem
1549 2301 2039 2372 componerent.
2089 2312 2320 2355 omnes
2368 2292 2624 2355 iniurias
2650 2302 2838 2357 antea
2861 2295 3153 2357 commis-

553 2422 660 2467 sas
702 2403 1030 2466 oblivione
1075 2392 1290 2464 delere
1333 2409 1711 2474 statuerent,
1764 2409 1829 2463 et
1871 2401 1922 2462 si
1969 2402 2362 2482 scriptorum
2408 2403 2824 2487 antiquorum
2869 2405 3151 2468 testimo-

555 2514 676 2576 niis
722 2513 849 2576 hoc
898 2513 1277 2584 traderetur,
1327 2532 1540 2595 neque
1588 2511 1746 2575 mihi
1795 2532 2009 2595 neque
2055 2511 2159 2574 ulli
2220 2511 2469 2576 homini
2529 2515 2833 2597 prudenti
2895 2515 2978 2578 de
3036 2515 3154 2579 hac

557 2641 638 2684 re·
673 2621 968 2683 dubitare
997 2620 1061 2682 in
1091 2630 1379 2683 mentem
1412 2621 1679 2683 veniret.
1777 2620 2107 2701 Quoniam
2156 2644 2313 2685 vero
2345 2624 2547 2687 multa
2576 2634 2728 2692 sunt
2758 2627 3147 2699 testimonia,

560 2751 730 2814 quae
775 2739 1002 2812 aperte
1051 2731 1402 2793 ostendant
1447 2729 1573 2792 hoc
1619 2751 1749 2793 non
1783 2753 1926 2794 esse
1960 2732 2222 2807 factum,
2271 2754 2352 2796 ne
2401 2754 2600 2797 unum
2648 2737 2931 2819 quidem,
2979 2736 3151 2820 quod

558 2857 636 2898 ea
679 2837 1000 2898 sententia
1046 2837 1508 2919 explicandum
1553 2840 1651 2914 sit,
1705 2851 1999 2906 nostrum
2031 2852 2131 2906 est
2164 2864 2495 2927 quaerere,
2541 2847 2879 2928 quomodo
2911 2845 3150 2909 sactum

553 2946 653 3019 sit,
705 2954 776 3007 ut
822 2966 967 3009 curn
1018 2967 1179 3029 pace
1227 2950 1542 3012 amnestia
1575 2970 1704 3012 non
1754 2952 2266 3034 coniungeretur.
2363 2953 2561 3017 Cuius
2610 2956 2696 3017 rei
2746 2976 2976 3019 causas
3022 2956 3149 3019 iam

558 3073 755 3134 supra
814 3058 882 3137 (ξ
951 3057 1021 3138 6)
1092 3056 1383 3138 pluribus
1444 3060 1658 3123 verbis
1732 3064 2024 3143 exposui.
2150 3064 2608 3148 Praeterquam
2680 3074 2900 3128 autem
2972 3067 3145 3150 quod

555 3164 725 3245 regis
771 3167 1021 3229 externi
1068 3186 1199 3228 non
1248 3187 1647 3251 magnopere
1695 3170 2002 3233 interesse
2049 3174 2266 3254 potuit
2312 3173 2554 3236 civitati
2604 3177 2772 3238 bene
2822 3176 3145 3240 instituen-

556 3274 680 3336 dae
723 3275 964 3338 diserte
1012 3275 1367 3351 consulere,
1420 3288 1484 3341 et
1531 3280 1710 3364 quod
1755 3281 2059 3344 omnibus
2107 3283 2386 3356 urbaniS,
2438 3284 2551 3367 qui
2596 3284 2719 3346 sibi
2764 3295 3142 3358 metuerent,

552 3388 905 3448 amnestiae
948 3386 1094 3449 loco
1142 3386 1442 3472 Eleusina
1498 3409 1569 3452 se
1629 3390 1921 3452 conferre
1986 3390 2244 3465 licebat,
2312 3413 2442 3455 non
2509 3403 2607 3455 est
2668 3395 3144 3477 neglegendum

551 3491 718 3555 hanc
784 3494 1057 3574 primam
1131 3495 1402 3559 fortasse
1474 3498 1670 3562 fuisse
1741 3499 1929 3562 huius
1999 3503 2174 3564 modi
2255 3505 2658 3567 amnestiam.
2756 3504 3145 3584 Saepissime

551 3601 725 3663 enim
757 3602 1033 3682 legimus
1063 3606 1231 3670 hanc
1263 3616 1375 3668 aut
1408 3606 1577 3669 illam
1612 3609 1941 3671 civitatem
1975 3609 2291 3675 Graecam
2337 3591 2725 3677 factionibus
2766 3623 2833 3677 et
2866 3615 3142 3677 tumultu

551 3711 865 3790 agitatam
924 3733 1085 3789 esse,
1152 3735 1510 3798 numquam
1583 3738 1743 3780 vero
1805 3721 2122 3783 amnestia
2186 3723 2600 3804 promulgata
2679 3744 2910 3804 pacem
2984 3726 3143 3787 inter

550 3817 863 3884 factiones
910 3825 1388 3888 reconciliatam
1438 3847 1596 3889 esse.
1675 3828 1907 3912 Neque
1941 3830 2102 3893 haec
2134 3832 2631 3896 Atheniensium
2665 3836 2980 3897 amnestia
3012 3844 3141 3897 tan·

549 3938 686 3992 tum
737 3930 981 4011 gloriae
1012 3934 1283 4014 adipisci
1326 3938 1560 4018 potuit,
1610 3939 1725 4000 nisi
1775 3940 2098 4030 singulare
2144 3943 2298 4026 quid
2343 3952 2409 4005 et
2455 3944 2836 4008 inusitatum
2896 3943 3139 4007 fuisset.-
