3459 5050
1828 269 1915 340 40

578 483 721 539 esse
763 479 1084 560 putemus.
1179 476 1373 541 Certe
1417 479 1643 542 urbani
1706 479 1799 542 eis
1861 477 2255 550 auctoribu3‚
2316 475 2425 558 qui
2487 475 2671 559 plura
2726 485 3176 560 peccaverant,

574 587 746 650 hanc
792 587 1243 655 condicionem
1291 567 1803 671 postulaverunt,
1857 600 1922 653 et
1969 588 2317 652 Pausanias
2363 588 2689 669 ceterique
2735 587 3176 651 Lacedaemo·

573 699 676 772 nii,
726 699 834 781 qui
877 699 1165 768 aderant.
1234 699 1506 763 libenter
1564 710 2044 774 concesserunt,
2108 699 2263 782 quia
2295 699 2413 760 'sic
2472 718 2602 760 non
2662 697 2853 780 plane
2925 699 3173 760 amicos

575 808 933 871 deseruisse
976 809 1364 875 videbantur
1417 820 1484 874 et
1544 831 1805 894 sperare
1867 818 2168 892 poterant
2226 809 2514 871 Atticam
2589 808 2710 871 hac
2788 809 3168 873 condicione

574 919 639 980 in
686 920 850 982 duas
895 929 1115 1002 partes
1159 920 1430 983 divisam
1479 920 1858 983 debiliorem
1917 930 1984 984 et
2033 920 2567 983 Lacedaemoniis
2627 921 2838 982 minus
2884 929 3170 982 metuen-

573 1030 726 1092 dam
768 1028 925 1093 fore.
1014 1030 1241 1113 Neque
1285 1030 1582 1094 exsulum
1629 1031 1922 1112 ipsorum
1972 1029 2245 1093 multum
2303 1031 2615 1092 interesse
2675 1031 2889 1111 potuit
2948 1049 3176 1091 omnes

573 1140 856 1202 urbanos
902 1140 965 1203 in
1015 1141 1170 1204 urbe
1217 1142 1495 1213 retineri,
1544 1142 1927 1224 praesertim
1990 1160 2139 1203 cum
2187 1141 2439 1205 Eleusis
2495 1140 2909 1204 nihilominus
2971 1160 3010 1201 a
3070 1139 3171 1203 tri·

571 1249 908 1330 gintaviris,
945 1270 1300 1334 eorumque
1331 1251 1553 1314 amicis
1587 1253 1983 1317 retineretur.
2055 1236 2283 1335 Neque
2329 1251 2393 1313 in
2425 1249 2818 1333 Thrasybuli
2853 1250 3167 1322 oratione,

571 1381 737 1443 quae
783 1361 958 1443 apud
1003 1360 1515 1444 Xenophontem
1570 1361 1823 1443 legitur,
1875 1372 1990 1437 est,
2042 1363 2219 1445 quod
2266 1361 2416 1424 huic
2465 1362 2697 1424 rationi
2758 1360 3168 1441 obloquatur,

571 1472 879 1553 quoniam
928 1471 1103 1553 apud
1147 1491 1261 1533 eos
1310 1472 1594 1535 urbanos
1642 1473 2069 1546 contionatur,
2131 1474 2240 1554 qui
2288 1471 2594 1534 Eleusina
2660 1491 2791 1534 non
2861 1472 3170 1551 migrave-

571 1591 721 1643 runt
766 1590 833 1643 et
877 1582 968 1643 ita
1013 1603 1082 1644 re
1149 1602 1302 1644 vera
1361 1582 1498 1643 sine
1562 1582 1687 1644 ullo
1747 1583 2072 1665 praesidio
2135 1582 2559 1665 popularibus
2622 1582 2890 1645 reversis
2952 1580 3168 1643 traditi

569 1701 735 1755 sunt.
848 1691 1077 1774 Legati
1148 1702 1366 1755 autem
1427 1691 1725 1754 Thebani
1794 1694 1878 1755 ad
1950 1714 2184 1756 omnes
2246 1693 2528 1756 urbanos
2587 1692 2885 1755 conversi
2956 1692 3172 1754 dicere

570 1811 844 1884 possunt
891 1801 1059 1887 (hell.
1107 1802 1194 1865 111
1247 1803 1406 1884 5,9):
1452 1801 1718 1866 »ἐκεῖνοι
1767 1800 1853 1887 (οἱ
1894 1802 2413 1886 Λακεδαιμόνιοι)
2443 1855 2458 1870 .
2486 1855 2501 1869 .
2533 1853 2544 1865 .
2596 1802 2963 1887 παρέδοσαν
3001 1796 3167 1884 ὑμᾶς

568 1914 669 1996 τῷ
712 1913 993 1996 πλήθει(
1047 1923 1193 1987 etc.,
1253 1915 1565 1996 quoniam
1626 1923 1693 1976 et
1753 1935 1979 1977 eorum
2043 1915 2311 1978 interest
2371 1935 2568 1997 quam
2631 1915 2916 1976 maxime
2975 1912 3170 1977 Lace·

568 2023 927 2086 daemoniis
971 2025 1337 2086 obtrectare
1394 2033 1460 2086 et
1517 2045 1585 2086 re
1656 2045 1811 2086 vera
1873 2026 2068 2087 etiam
2131 2026 2189 2088 ei
2254 2026 2497 2098 urbani,
2562 2026 2672 2107 qui
2735 2024 3040 2107 Eleusina
3099 2041 3169 2082 se

571 2133 992 2209 contulerant,
1042 2144 1274 2216 postea
1321 2154 1586 2216 prorsus
1633 2135 1719 2197 ab
1768 2137 1859 2197 eis
1907 2136 2145 2199 deserti
2193 2138 2440 2220 populo
2487 2158 2632 2200 sese
2680 2137 2919 2199 dedere
2954 2134 3160 2197 coacti

565 2253 729 2307 suut.
818 2245 1262 2308 Iusiurandum
1309 2254 1529 2306 autem
1589 2246 1767 2326 apud
1841 2247 2256 2310 Andocidem
2306 2249 2633 2320 traditum,
2679 2226 2760 2309 ‘in
2807 2266 2941 2328 quo
3006 2246 3165 2307 haec

566 2355 863 2418 condicio
911 2375 1042 2417 non
1090 2364 1652 2429 commemoratur,
1703 2357 1766 2418 in
1816 2357 1851 2440 ξ
1898 2358 1940 2419 6
1987 2358 2114 2420 iam
2164 2359 2446 2422 diximus
2490 2368 2555 2421 et
2587 2359 2649 2418 in
2699 2358 2734 2440 ἕ
2797 2373 2873 2435 19
2904 2356 3166 2418 demon-

565 2466 918 2530 strabimus
965 2467 1047 2529 ad
1093 2465 1262 2529 hunc
1306 2466 1763 2550 Xenophontis
1812 2467 2029 2531 locum
2076 2469 2340 2533 omnino
2395 2488 2527 2532 non
2573 2488 2715 2532 esse
2757 2466 3154 2530 trahendum

566 2576 885 2640 Grossero
931 2587 1150 2641 autem
1197 2579 1318 2661 ipsi
1367 2598 1460 2648 ea.
1511 2599 1677 2660 quae
1742 2580 1824 2641 de
1887 2579 2010 2641 hac
2081 2581 2537 2643 enunciatione
2593 2579 2969 2660 disputavit,
3037 2596 3163 2639 non

498 2693 501 2698 '
566 2673 732 2750 bene
793 2689 1069 2769 probata
1127 2710 1288 2763 esse,
1355 2709 1438 2751 ex
1496 2708 1576 2750 eo
1659 2688 1884 2761 elucet,
1958 2691 2144 2771 quod
2215 2692 2353 2774 ipse
2415 2711 2476 2772 p.
2559 2705 2635 2751 10
2701 2688 2885 2754 dicit:
2957 2689 3168 2750 »daun

571 2796 827 2862 hindert
873 2819 994 2861 uns
1040 2819 1146 2862 am
1194 2798 1381 2861 Ende
1444 2799 1708 2880 wenig
1769 2800 1873 2861 die
1933 2801 2160 2863 Worte
2220 2800 2274 2865 εἰ
2335 2800 2405 2865 δέ
2460 2822 2772 2873 τινες...
2837 2810 3169 2863 κατοικεῖν

573 2908 751 2971 nicht
794 2909 890 2971 als
937 2910 1124 2972 einen
1170 2910 2051 2991 Bedingungsparagraphen
2085 2960 2097 2972 .
2132 2960 2144 2973 .
2178 2961 2190 2974 .
2225 2964 2239 2979 .
2285 2911 2754 2976 aufzufassem.

781 3017 1038 3101 Quibus
1069 3021 1466 3101 argumentis
1501 3029 1853 3102 postquam
1877 3023 2079 3085 satius
2126 3022 2711 3085 demonstravimus
2758 3021 2926 3083 hanc
2973 3039 3165 3082 enun-

569 3130 912 3193 ciationem
975 3151 1117 3194 esse
1174 3134 1352 3214 pacis
1408 3134 1878 3208 condicionem,
1945 3135 2132 3196 simul
2194 3133 2348 3196 mihi
2418 3132 2565 3195 licet
2634 3152 2718 3193 ex
2786 3131 2886 3194 his
2949 3130 3165 3192 verbis

568 3251 1026 3322 argumentum
1074 3252 1297 3322 petere
1341 3254 1570 3307 contra
1616 3244 1787 3307 illam
1831 3246 2220 3308 sententiam
2267 3245 2350 3306 de
2410 3243 2728 3306 amnestia
2783 3240 2972 3304 simul
3020 3260 3163 3302 cum

565 3370 727 3432 pace
773 3360 1030 3426 statuta,
1078 3353 1240 3416 'nam
1286 3354 1340 3416 si
1405 3355 1894 3417 condicionibus
1956 3364 2273 3418 statutum
2336 3363 2509 3417 esset
2580 3354 2966 3416 amnestiam
3015 3359 3166 3433 post

564 3460 857 3523 exsulum
925 3462 1254 3526 introitum
1329 3466 1631 3528 omnibus
1702 3466 2111 3528 iureiurando
2180 3465 2551 3527 vovendam
2622 3472 2689 3525 et
2747 3463 3160 3525 sanciendam

564 3587 725 3644 esse,
776 3571 1010 3633 mirum
1058 3573 1193 3636 sine
1241 3574 1443 3637 dubio
1506 3584 1696 3649 esset,
1764 3577 1815 3637 si
1876 3575 1986 3638 tali
2049 3576 2433 3640 condicione
2479 3576 2702 3637 addita
2749 3574 2982 3646 eidem,
3051 3571 3156 3653 qui

561 3683 946 3744 amnestiam
996 3685 1386 3759 statuissent,
1436 3686 1878 3758 ostendissent
1922 3706 1992 3748 se
2040 3686 2216 3769 ipsos
2249 3686 2618 3748 existimare
2653 3686 2870 3750 multis
2902 3683 3158 3746 urbanis

558 3792 923 3854 conducere
968 3795 1285 3858 amnestia
1331 3815 1461 3858 non
1509 3795 1856 3862 confidere.
1953 3795 2085 3859 Sed
2144 3798 2195 3858 si
2253 3795 2389 3858 sola
2432 3816 2568 3879 pax
2614 3796 2952 3859 conciliata
2999 3802 3151 3866 erat,

562 3922 770 3983 neque
816 3904 1132 3966 amnestia
1175 3915 1422 3968 statuta
1469 3926 1698 3968 omnes
1747 3927 1786 3969 a
1831 3908 2059 3988 poenis
2105 3916 2283 3970 tutos
2347 3907 2737 3980 reddiderat,
2785 3906 2953 3968 bene
2996 3904 3158 3965 haec

555 4014 852 4076 condicio
896 4014 1047 4076 addi
1094 4016 1331 4097 potuit,
1385 4026 1469 4089 et,
1540 4026 1608 4079 ut
1664 4037 1862 4100 supra
1906 4018 1970 4100 (ἓ
2031 4017 2101 4099 6)
2157 4018 2600 4099 exposuimuS,
2667 4015 3010 4079 verisimile
3055 4023 3155 4077 est

551 4125 909 4186 amnestiae
992 4124 1137 4187 loco
1204 4145 1350 4188 eam
1421 4127 1714 4190 additam
1795 4148 1956 4194 esse.
2074 4128 2305 4210 Neque
2374 4128 2586 4189 minus
2663 4148 2699 4189 e
2766 4124 3156 4207 Thrasybuli

549 4234 841 4296 oratione
888 4234 1028 4315 ipsa
1085 4237 1334 4317 optime
1401 4238 1614 4317 colligi
1690 4248 1911 4320 potest
1975 4239 2361 4301 amnestiam
2420 4241 2597 4321 pacis
2667 4237 3160 4302 condicionibus

544 4354 855 4408 statutam
904 4365 1034 4407 non
1081 4365 1241 4421 esse,
1295 4367 1508 4430 neque
1558 4349 1760 4423 enim,
1811 4348 1863 4409 si
1914 4358 2163 4412 statuta
2209 4360 2397 4425 esset,
2448 4361 2622 4414 recte
2670 4351 2916 4412 diceret
2957 4347 3155 4409 Lace·

548 4456 931 4527 daemonios
974 4455 1111 4516 sine
1158 4458 1480 4537 praesidio
1515 4458 1802 4521 urbanos
1833 4458 2169 4523 exsulibus
2200 4462 2561 4535 tradidisse,
2597 4480 2748 4523 nam
2800 4460 3154 4521 maximum
