3459 5050
1796 283 1882 356 24

488 550 493 567 ,ᾗ
546 501 674 555 aut
702 501 956 557 servata
981 500 1093 557 aut
1124 491 1497 575 praeterita,
1531 492 1806 581 verbum
1844 501 2266 575 μνησικακεῖν
2298 490 2633 564 invenitur,
2655 554 2663 561 ,
2686 500 2756 553 ut
2784 490 2956 555 And.
2985 492 3142 572 190.

549 614 660 682 95.
720 604 860 683 108.
922 618 1064 683 109,
1112 601 1268 683 Lys.
1312 601 1527 665 XVIII
1583 617 1678 680 19,
1712 600 1904 664 XXX
1945 617 2007 681 9,
2044 600 2234 665 Isocr.
2280 600 2495 664 XVIII
2543 616 2713 680 323,
2749 592 2948 671 Arist.
2979 603 3136 667 Plut.

560 712 745 791 1146,
808 711 979 777 alias.
1092 711 1222 793 Qui
1289 711 1415 775 loci
1472 731 1701 775 omnes
1762 712 2116 775 ostendunt
2172 712 2265 774 sie
2327 710 2479 774 illud
2538 710 2778 776 factum
2837 723 3138 778 vocatum

550 842 694 891 esse
742 842 954 904 neque
1000 842 1243 889 nomen
1287 821 1549 887 brevius
1578 830 1914 886 oratorum
1959 820 2360 886 laudatorum
2393 830 2693 902 tempore
2714 820 2926 899 fuisse,
2953 802 3138 906 quod

552 933 995 1015 compluribus
1055 934 1227 997 locis·
1277 941 1453 997 certe
1514 941 1853 1014 resputum
1922 951 2052 995 non
2118 942 2307 997 esset.
2424 929 2727 1013 Sequitur
2783 931 3007 1013 igitur,
3065 945 3138 997 ut

546 1062 788 1105 nomen
843 1038 1235 1128 »ἀμνηστίας
1286 1052 1518 1125 postea
1547 1041 1769 1105 fictum
1802 1043 1901 1115 sit,
1951 1052 2035 1117 et,
2069 1043 2123 1104 si
2155 1060 2355 1119 unum
2398 1040 2809 1122 neglegimus
2850 1042 3137 1107 Platonis

549 1152 651 1214 vel
688 1153 1232 1236 ‚Pseudoplatonis
1275 1152 1512 1226 locum,
1546 1152 1804 1217 Menex.
1839 1169 2105 1234 9:239
2145 1151 2217 1227 C,
2265 1152 2375 1217 ubi
2407 1153 2684 1215 verbum
2738 1151 3128 1238 »ἀμνηστίας

551 1272 782 1339 exstat,
831 1265 947 1327 sed
994 1283 1205 1347 neque
1252 1264 1335 1327 de
1379 1262 1503 1325 hac
1538 1282 1605 1325 re
1645 1282 1858 1346 neque
1905 1264 2170 1326 omnino
2214 1262 2341 1326 hoc
2381 1282 2589 1327 ¹sensu
2637 1262 3021 1354 adhibitum,
3071 1274 3136 1326 et

545 1373 654 1436 ubi
702 1374 1006 1439 editores„
1031 1374 1418 1437 recentiores
1463 1382 1618 1456 post
1665 1372 2164 1437 Stallbaumium
2210 1384 2402 1447 recte,
2438 1382 2509 1436 ut
2540 1373 2811 1462 videtur,
2861 1373 3136 1437 Bekkeri

544 1484 913 1548 coniectura
932 1504 1057 1566 ,pro
1113 1481 1219 1547 »ἐν
1261 1481 1619 1572 ἀμνηστίᾳ«
1672 1484 1963 1548 scribunt
2015 1481 2123 1548 »ἐν
2144 1484 2516 1574 μνηστείᾳα,
2569 1484 2855 1564 primum
2890 1485 3129 1547 inveni-

544 1603 655 1683 tur*
695 1594 870 1676 apud
917 1593 1246 1657 Valerium
1291 1593 1652 1657 Maximum
1714 1594 1807 1657 IV
1875 1610 2006 1671 1,4:
2043 1593 2561 1685 .›Thrasybulus
2590 1643 2780 1662 .....
2846 1594 3136 1678 plebisci-

543 1713 687 1766 tum
734 1704 1136 1787 interposuit,
1186 1724 1268 1767 ne
1313 1725 1445 1786 qua
1502 1706 1994 1788 praeteritarum
2057 1724 2272 1768 rerum
2335 1705 2580 1767 mentio
2640 1703 2841 1767 fieret.
2953 1704 3136 1768 Haec

514 1814 805 1888 oblivio,
856 1833 1048 1902 quam
1106 1814 1543 1878 Athenienses
1603 1811 1965 1900 ἀμνηστίαν
2020 1824 2294 1878 vocant«
2362 1826 2484 1878 etc.
2535 1823 2604 1877 et
2661 1816 2840 1896 apud
2902 1815 3135 1879 Plutar-

546 1924 761 1999 chum,
809 1926 918 2007 qui
962 1945 1176 2009 praec.
1224 1926 1351 2007 pol.
1405 1928 1533 2002 814
1577 1926 1630 1988 B
1676 1926 1759 1988 de
1806 1925 1982 1989 facto
2030 1934 2253 1988 nostro
2316 1924 2471 1987 dicit
2536 1923 2662 1989 »τὸ
2708 1925 3011 2010 ψήφισμα
3055 1924 3138 1988 τὸ

544 2037 664 2120 τῆς
692 2031 1085 2120 ἀμνηστίας(
1139 2045 1206 2099 et
1252 2036 1424 2099 idem
1459 2034 1700 2103 factum
1736 2036 2088 2119 respiciens
2118 2035 2252 2104 Cic.
2288 2052 2414 2114 42:
2469 2036 2810 2121 »Κικέρων
2838 2086 2851 2098 .
2885 2085 2937 2100 ..
2971 2032 3137 2100 ἔπει-

547 2160 616 2209 σε
660 2145 786 2229 τὴν
829 2145 1197 2230 σύγκλητον
1227 2141 1603 2230 Ἀθηναίους
1643 2145 2084 2231 μιμησαμένην
2112 2141 2474 2231 ἀμνηστίαν
2518 2148 2660 2210 τῶν
2706 2143 2813 2210 ἐπὶ
2857 2146 3135 2229 Καίσαρι

545 2258 1026 2341 ψηφίσασθαιι.
1118 2256 1334 2339 Saepe
1380 2266 1611 2338 postea
1652 2276 1845 2319 sensu
1879 2255 2312 2336 generaliore,
2385 2266 2456 2321 ut
2503 2257 2675 2318 idem
2740 2257 3009 2320 omnino
3055 2256 3137 2318 sit

547 2387 623 2431 ac
682 2387 938 2451 poenae
985 2367 1296 2441 remissi0,
1348 2367 1669 2429 invenitur
1729 2368 1905 2450 apud
1965 2367 2361 2450 Appianum,
2426 2365 2891 2441 Herodianum,
2953 2367 3128 2429 alios,

546 2478 742 2543 Locis
776 2488 995 2543 autem
1039 2478 1244 2542 allatis
1289 2487 1563 2560 apparet
1606 2479 1812 2561 prius·
1843 2496 2081 2541 nomen
2139 2477 2407 2540 cessisse
2462 2477 2705 2541 nomini
2747 2474 3024 2541 breviori
3070 2485 3138 2539 et

546 2589 860 2664 habiliori,
892 2590 1070 2672 quod
1118 2610 1287 2654 nunc
1332 2592 1542 2656 solum
1587 2591 1653 2653 in
1700 2609 1817 2651 usu
1864 2598 1964 2651 est
2007 2589 2091 2650 de
2136 2587 2243 2650 illo
2276 2586 2774 2651 Atheniensium
2821 2589 3136 2675 etgposte·

546 2700 785 2763 riorum
817 2702 1183 2784 nostrisque
1230 2703 1415 2766 factis
1462 2700 1795 2774 similibuS,
1843 2718 2039 2781 quam
2084 2698 2175 2762 ob
2222 2718 2357 2763 rem
2407 2719 2620 2780 neque
2666 2719 2797 2781 ego
2841 2697 3136 2761 dubitavi

546 2787 672 2874 hoc
718 2830 957 2873 nomen
1003 2811 1184 2875 alteri
1230 2803 1567 2896 praeferre.

758 2922 990 3008 Neque
1036 2934 1370 3007 praeterea
1416 2932 1648 3007 putare
1690 2922 1840 2984 licet
1897 2921 2025 2983 hoc
2086 2920 2358 2983 verbum
2417 2921 2499 2982 ab
2561 2921 2654 2983 eis
2715 2919 3133 3002 scriptoribus

544 3031 877 3097 inventum
920 3055 1081 3109 esse,
1114 3035 1222 3118 qui
1266 3035 1460 3120 pr1mi
1489 3032 1821 3099 exhibent.
1912 3031 2082 3093 Nam
2114 3042 2569 3114 praeterquam
2616 3031 2794 3112 quod
2841 3029 2906 3092 hi
2938 3030 3132 3111 scrip·

545 3148 721 3202 tores
764 3139 975 3204 fontes
1022 3142 1258 3205 arctius
1300 3144 1482 3226 sequi
1528 3142 1757 3216 solent,
1819 3161 2016 3225 quam
2048 3150 2120 3204 ut
2150 3160 2389 3203 nomen
2433 3141 2608 3224 apud
2652 3161 2766 3204 eos
2800 3141 3131 3204 inventum

545 3258 815 3323 mutent,
882 3251 1175 3315 Valerius
1251 3253 1592 3327 MaximuS,
1656 3273 1803 3315 cum
1869 3252 1904 3314 l.
1937 3252 1972 3314 1.
2058 3251 2251 3319 dicit:
2325 3250 2523 3313 »haee
2586 3251 2861 3325 ,oblivi0,
2932 3270 3131 3332 quam

543 3357 977 3441 Athenienses
1046 3357 1406 3447 ἀμνηστίαν
1472 3372 1771 3437 vocant«,
1843 3361 2127 3426 ostendit
2193 3360 2367 3443 apud
2421 3362 2810 3424 vetustiores
2876 3380 2945 3423 se
3005 3361 3133 3423 hoc

545 3485 785 3540 nomen
818 3467 1134 3532 invenisse
1165 3479 1230 3531 et
1263 3470 1540 3535 Athenis
1587 3474 1895 3536 usitatum
1928 3471 2251 3534 habuisse.
2300 3469 2530 3552 Neque
2561 3470 2841 3533 dubitari
2888 3479 3126 3550 potest,

544 3576 698 3657 quin
743 3576 970 3659 Nepos
1014 3579 1226 3642 verbis
1294 3582 1674 3646 »oblivionis
1739 3584 1990 3664 legem«
2054 3581 2323 3645 verterit
2381 3580 2583 3644 verba
2647 3579 2765 3645 »τὸ
2828 3580 3131 3665 ψήφισμα

539 3683 620 3749 τὸ
662 3689 783 3772 τῆς
843 3683 1261 3773 ἀμνηστίαςι.
1355 3692 1720 3756 Verisimile
1781 3694 2015 3756 deinde
2074 3693 2268 3755 etiam
2346 3700 2445 3756 est
2507 3689 2904 3764 Ciceronem,
2980 3710 3129 3753 cum

543 3797 696 3860 Phil.
745 3798 773 3860 I
830 3816 853 3860 1
907 3798 990 3862 de
1033 3802 1350 3864 amnestia
1394 3811 1548 3885 post
1578 3801 1874 3866 Caesaris
1920 3812 2195 3867 mortem
2246 3803 2511 3866 decreta
2555 3802 2756 3869 dicat:
2825 3791 3129 3865 »Atheni-

544 3908 922 3989 ensiumque
964 3911 1273 3974 renovavi
1319 3920 1506 3976 vetus
1553 3914 1943 3996 exemplum,
1995 3912 2314 3977 Graecum
2362 3915 2559 3977 etiam
2618 3914 2891 3977 verbum
2957 3933 3128 3975 usur-

541 4019 710 4099 pavi,
773 4038 906 4099 quo
964 4028 1101 4082 tum
1149 4021 1214 4082 in
1257 4022 1559 4084 sedandis
1604 4024 1942 4087 discordiis
2002 4044 2116 4087 usa
2162 4033 2298 4087 erat
2333 4024 2562 4087 civitas
2608 4023 2777 4098 illa«,
2826 4033 3127 4104 spectare

458 4183 461 4186 ,
537 4128 830 4202 verbum,
900 4125 1317 4215 »ἀμνηστία«,
1367 4152 1499 4195 non
1560 4133 1684 4218 »μὴ
1726 4147 2208 4219 μνησικακετνκ,
2241 4154 2425 4218 ‚quae
2466 4154 2599 4197 vox
2645 4144 2876 4214 postea
2921 4136 3129 4215 magis

538 4236 817 4304 exolevit
882 4259 1093 4320 neque
1153 4241 1217 4303 in
1277 4241 1568 4324 linguam
1627 4243 1926 4307 Latinam
1986 4245 2254 4308 transiit.
2368 4243 2845 4326 Quaerentibus
2901 4254 3122 4307 autem

537 4348 745 4422 nobis,
796 4369 881 4413 ex
926 4370 1059 4431 quo
1107 4359 1405 4430 tempore
1452 4362 1518 4415 et
1563 4374 1697 4435 quo
1746 4365 2012 4418 auctore
2056 4355 2323 4432 verbum
2378 4350 2773 4438 »ἀμνηστίαε
2827 4354 2891 4416 in
2939 4373 3129 4418 usum

533 4459 797 4531 venerit,
845 4458 1118 4521 sortasse
1177 4460 1322 4524 licet
1376 4463 1461 4525 ad
1492 4519 1493 4522 ,
1524 4483 1636 4526 eos
1695 4466 2042 4547 scriptores
2099 4464 2418 4537 recedere,
2435 4503 2447 4522 2
2486 4485 2523 4525 e
2590 4463 2826 4545 quibus
2891 4483 3120 4541 omnes
