3459 5050
1531 338 1609 398 41

269 532 653 596 habuissent
711 534 1063 597 amnestiae
1114 534 1528 615 praesidium,
1580 537 1760 617 quod
1821 535 1993 599 idern
2052 536 2226 598 cadit
2285 535 2349 598 in
2405 534 2867 601 Thebanorum

269 645 630 707 orationem
679 645 808 707 iarn
850 644 1200 707 laudatam.
1296 644 1391 707 At
1435 647 1782 728 quominus
1830 648 2172 730 quisquam
2207 647 2362 713 mihi
2410 629 2673 711 obiiciat
2703 647 2865 709 falso

270 756 533 837 quidem
605 752 990 818 Grosserum
1058 757 1445 819 amnestiam
1516 757 1698 840 pacis
1751 757 1992 819 habere
2052 757 2527 830 condicionem,
2587 758 2704 820 sed
2765 758 2865 820 bis

267 865 656 928 amnestiam
681 866 1166 948 promulgatam
1200 887 1342 929 esse
1371 877 1591 929 tamen
1624 888 1768 930 esse
1800 867 2235 941 statuendum,
2271 888 2387 930 sua
2419 869 2590 930 enirn
2632 878 2866 949 sponte

218 1041 223 1047 ,
267 976 706 1039 Athenienses
770 978 985 1040 statim
1052 987 1206 1059 post
1266 976 1858 1042 reconciliationem
1933 998 2160 1040 omnes
2217 974 2490 1040 iniurias'
2541 978 2867 1042 oblivione

267 1097 604 1161 conterere
675 1088 1102 1162 constituisse,
1173 1088 1487 1171 impedire
1553 1088 1964 1151 manifestum
2035 1098 2133 1152 est
2197 1090 2398 1152 verba
2474 1082 2693 1172 »ὅρκοι
2760 1089 2868 1152 καὶ

265 1201 755 1285 συνθήκαις.

478 1332 576 1394 Ea
624 1341 878 1402 autem,
937 1351 1107 1413 quae
1167 1332 1251 1393 de
1311 1331 1432 1393 hac
1478 1332 1656 1414 pacis
1703 1330 2087 1395 condicione
2135 1332 2566 1405 disseruimu5‚
2613 1340 2865 1393 tantum

262 1442 483 1512 abest,
552 1451 621 1503 ut
683 1441 1040 1505 refutentur
1097 1462 1178 1504 eo
1237 1442 1425 1515 locO,
1490 1461 1686 1522 quem
1748 1462 1785 1503 e
1849 1442 2144 1505 Diodoro
2203 1442 2264 1504 in
2326 1445 2366 1522 ξ
2436 1458 2469 1519 3
2534 1442 2741 1518 attuli,
2794 1451 2865 1505 ut

264 1552 512 1633 optime
556 1551 920 1625 firmentur,
987 1573 1137 1614 nam
1186 1553 1461 1614 verbum
1519 1564 1882 1637 συγχωρεῖν
1929 1554 2122 1615 etiam
2188 1573 2334 1615 mea
2394 1553 2716 1616 sententia
2763 1572 2862 1615 ac-

262 1672 454 1745 cepta
516 1683 645 1724 non
716 1663 1005 1745 postulat
1066 1664 1457 1726 sententiam
1520 1664 1820 1739 iubendi,
1881 1664 1997 1726 sed
2044 1672 2175 1736 est,
2241 1673 2310 1725 ut
2366 1661 2644 1726 Grosser
2688 1672 2861 1725 recte

261 1794 323 1854 p.
372 1788 438 1834 11
497 1774 670 1846 dicit,
722 1774 1101 1847 concedere,
1152 1774 1542 1856 permittere.
1632 1772 1827 1836 Cives
1874 1775 2193 1857 quosdam
2240 1773 2542 1837 Eleusina
2588 1774 2861 1854 migrare

257 1883 468 1944 iussos
515 1904 657 1946 esse
707 1904 920 1965 neque
951 1884 1335 1966 Xenophon·
1363 1885 1567 1947 verbo
1621 1880 1911 1967 »ἔδοξενσε
1964 1885 2136 1947 dicit.
2213 1883 2567 1964 Quomodo
2596 1885 2861 1947 tandem

258 1993 396 2055 fieri
442 1995 670 2075 potuit,
720 2004 806 2066 ut,
860 1995 912 2057 si
946 1996 1089 2077 quis
1123 2004 1457 2069 metueret,
1506 1994 1810 2058 Eleusina
1843 1995 2123 2076 migrare
2171 1994 2659 2067 iuberetur,
2710 2015 2859 2057 cum

263 2102 378 2165 nisi
435 2105 663 2185 singuli
722 2105 1020 2168 homines
1078 2106 1196 2188 ipsi
1261 2126 1454 2168 nemo
1522 2107 1686 2167 scire
1748 2115 2003 2187 posset,
2076 2105 2219 2189 quis
2282 2125 2446 2183 pace
2510 2105 2863 2171 confideret

256 2215 531 2296 quisque
575 2214 938 2279 diffideret?
1011 2217 1236 2298 Itaque
1268 2237 1390 2279 suo
1425 2236 1760 2298 quemque
1806 2217 2045 2279 iudicio
2091 2225 2205 2278 aut
2250 2216 2552 2278 Eleusina
2597 2235 2678 2279 se:¹
2716 2236 2862 2278 con-

250 2325 417 2387 ferre
465 2335 578 2388 aut
625 2327 686 2388 in
737 2328 894 2390 urbe
943 2347 1282 2390 remanere
1353 2328 1663 2409 oportuit.
1757 2328 1878 2390 Est
1933 2337 2152 2390 autern
2200 2327 2690 2390 condicionibus
2735 2337 2859 2389 sta·

254 2445 498 2510 tutum,
565 2458 644 2500 ne
708 2439 791 2499 ad
853 2438 1292 2518 trigintaviros
1351 2437 1667 2518 emigrare
1732 2447 1796 2499 et
1864 2458 2086 2501 eorum
2153 2447 2405 2519 partem
2462 2437 2707 2500 civibus
2766 2457 2856 2499 re-

249 2548 604 2611 conciliatis
652 2548 950 2611 infestam
985 2569 1228 2630 augere
1264 2549 1739 2630 prohiberetur.
1817 2550 2042 2631 Atque
2076 2550 2235 2612 haec
2268 2551 2499 2611 eadem
2526 2549 2858 2631 Diodorus

255 2668 474 2721 narrat
520 2660 734 2721 verbis
782 2660 1078 2726 laudatis.

463 2810 561 2872 Ea
607 2821 825 2873 autem
872 2811 1106 2888 verba,
1173 2831 1340 2893 quae
1391 2808 1665 2873 Grosser
1712 2834 1749 2873 e
1822 2810 2021 2892 Lysia
2084 2809 2271 2872 XXV
2317 2827 2360 2889 9
2407 2808 2622 2873 affert:
2701 2808 2855 2872 »εἰσὶ

247 2918 319 2983 δὲ
365 2915 600 2995 οἵτινες
648 2928 784 2985 τῶν
830 2915 1228 2985 Ἐλευσῖνάδε
1276 2918 1895 3005 ἀπογραψαμένων(
1951 2931 2094 2994 etc„
2147 2939 2356 3000 neque
2403 2940 2523 3001 pro
2568 2920 2704 2981 eius
2751 2940 2851 2982 ne·

246 3052 379 3113 que
412 3052 532 3114 pro
564 3052 712 3094 mea
744 3029 988 3094 faciunt
1019 3032 1363 3104 sententia,
1416 3032 1756 3113 quomodo
1788 3031 2231 3111 intellegenda
2260 3032 2403 3104 sint,
2455 3029 2616 3092 infra
2648 3031 2710 3111 (ξ
2746 3033 2852 3115 28)

246 3141 605 3203 videndum
654 3142 791 3203 erit.
871 3142 1018 3203 Non
1067 3162 1225 3204 vero
1273 3142 1488 3222 magis
1534 3161 1734 3224 quam
1783 3141 2113 3204 Diodorus
2159 3142 2383 3224 Nepos
2428 3140 2464 3202 l.
2515 3140 2550 3202 l.
2601 3141 2849 3208 verbis:

252 3271 376 3315 »ne
425 3252 532 3334 qui
580 3304 593 3319 .
624 3304 638 3319 .
669 3305 683 3319 .
733 3252 1147 3316 afficerentur
1204 3252 1433 3315 exilio‹
1484 3251 1635 3314 huic
1682 3272 1868 3313 meae
1913 3252 2328 3334 explicationi
2376 3252 2649 3324 obsistit,
2699 3272 2847 3314 nam

243 3372 505 3443 praeter
554 3362 849 3425 homines
898 3363 1139 3425 diserte
1184 3372 1530 3444 exemptos
1597 3364 1916 3444 emigrare
1975 3372 2332 3425 coactus
2400 3371 2556 3436 est,
2629 3372 2698 3426 ut
2746 3383 2850 3425 ex-

250 3473 613 3553 posuimuS,
663 3493 877 3539 nem0.

471 3621 688 3701 Quam
738 3623 826 3684 ob
873 3643 1008 3684 rem
1056 3643 1185 3686 non
1235 3634 1411 3687 recte
1457 3625 1737 3686 Iustinus
1783 3623 1818 3685 l.
1870 3623 1909 3689 l.
1960 3624 2148 3690 dicit:
2228 3624 2493 3686 »decem
2541 3633 2849 3704 tyrannos

257 3751 343 3792 ex
392 3732 550 3795 urbe
598 3732 904 3794 Eleusina
962 3734 1236 3814 migrare
1294 3735 1376 3796 ad
1425 3744 1675 3796 ceteros
1734 3734 2031 3806 iubet«,
2085 3735 2167 3795 de
2214 3753 2346 3814 quo
2394 3753 2608 3795 errore
2653 3753 2848 3815 supra

244 3842 313 3925 (ξ
360 3845 432 3924 4)
499 3827 933 3909 disseruimus,
1027 3844 1147 3906 Est
1211 3855 1428 3907 autem
1495 3844 2027 3926 apertum-hunc
2087 3844 2309 3906 Iustini
2370 3844 2583 3906 locum
2646 3824 2848 3905 multo

250 3953 466 4014 minus
511 3973 655 4015 cum
692 3952 986 4015 Grosseri
1032 3955 1352 4016 sententia
1397 3956 1742 4017 convenire
1786 3974 1987 4036 quam
2043 3975 2191 4017 cum
2236 3974 2401 4027 mea,
2453 3951 2662 4036 neq‘ue
2710 3955 2846 4015 eius

238 4062 577 4125 sententia
646 4064 923 4145 probata
991 4065 1286 4138 inveniri,
1352 4067 1691 4146 quomodo
1738 4066 2017 4127 Iustinus
2082 4066 2143 4126 in
2190 4063 2362 4126 hunc
2421 4085 2702 4126 errorem
2764 4065 2847 4125 in·

239 4175 478 4235 ductus
522 4175 623 4240 sit.
722 4174 893 4236 Nam
942 4195 1111 4257 quae
1159 4195 1223 4257 p.
1269 4192 1342 4238 12
1393 4177 1651 4239 coniicit
1695 4176 1972 4238 fortasse
2005 4175 2313 4237 Iustinum
2350 4176 2523 4256 apud
2555 4174 2846 4255 Trogum

232 4284 534 4364 legisse:
613 4285 874 4347 »decem
940 4295 1250 4367 tyrannos
1311 4307 1394 4349 ex
1450 4287 1609 4350 urbe
1674 4288 1950 4367 migrare
1993 4286 2202 4358 iubet,
2264 4285 2374 4366 qui
2418 4285 2721 4348 Eleusina
2764 4287 2848 4347 ad

242 4404 501 4457 ceteros
560 4415 631 4456 se
696 4394 1073 4460 conferunt«
1103 4444 1116 4468 ,
1182 4405 1249 4458 et
1309 4398 1399 4459 sic
1462 4400 1880 4481 corripuisse,
1945 4398 2145 4459 verba
2205 4404 2353 4458 sunt
2415 4396 2643 4469 inania,
2693 4396 2846 4478 quia

262 4505 528 4566 iubendi
576 4506 894 4568 sententia
940 4505 1099 4568 salso
1144 4506 1317 4569 illata
1358 4508 1552 4570 etiam
1597 4517 1734 4571 tum
1784 4509 1995 4570 deleta
2042 4528 2172 4569 non
2218 4516 2333 4570 est.
