3459 5050
1616 257 1700 333 89

380 478 597 532 narrat
630 469 845 549 ipsum
877 468 1293 531 Andocidem
1336 487 1633 549 sperare:
1685 465 2013 542 »πολλοὺς
2043 461 2226 551 ὑμῶν
2267 466 2554 544 δεδιότας
2598 468 2686 552 μὴ
2730 467 2966 554 λύσητε

379 577 500 655 τὰς
547 580 883 663 συνθήκας
929 575 1134 645 αὐτοῦ
1181 576 1769 663 ἀποψηφιεῖσθαιι,
1826 588 1892 641 01
1948 578 2327 641 Andocides
2375 580 2513 659 ipse
2561 582 2601 660 ἓ
2655 596 2780 657 140
2836 599 2967 642 non

381 691 591 753 minus
642 711 837 771 quam
878 691 1196 753 Isocrates
1242 699 1512 772 propter
1557 690 1942 753 amnestiam
1988 689 2160 751 cives
2203 709 2357 750 suos
2400 689 2746 770 praedicat.

589 805 628 882 ξ
665 818 765 881 31.
857 801 1005 865 Una
1051 810 1274 863 tamen
1322 808 1534 862 exstat
1578 800 1809 873 orati0,
1884 819 2012 880 qua
2045 800 2349 862 certiores
2398 799 2728 862 reddimur
2773 799 2963 863 inter·

375 912 531 974 dum
592 911 836 974 iudices
900 910 1310 973 nihilominus
1370 909 1682 972 adversus
1748 909 2130 973 amnestiam
2192 909 2585 985 decrevisse,
2651 931 2819 994 quae
2866 919 2967 975 est

375 1022 610 1103 Lysiae
659 1022 868 1084 oratio
910 1023 1102 1084 tertia
1136 1021 1388 1083 decima
1432 1021 1496 1081 in
1530 1020 1898 1101 Agoratum
1930 1019 2168 1093 habita,
2204 1040 2374 1102 quae
2411 1041 2541 1084 uno
2587 1021 2688 1084 vel
2734 1020 2964 1103 paucis

377 1133 558 1194 annis
605 1141 756 1211 post
802 1131 1165 1194 Andocidis
1223 1131 1702 1194 accusationem
1764 1131 2009 1213 scripta
2054 1151 2202 1193 esse
2246 1131 2514 1198 videtur.
2606 1131 2963 1212 AgoratuS,

376 1243 578 1306 homo
621 1243 1087 1324 nequissimuS,
1140 1261 1322 1315 cum,
1372 1250 1719 1322 antequam
1767 1240 2145 1322 trigintaviri
2196 1241 2623 1316 exstitissent,
2673 1242 2755 1305 de
2800 1262 2966 1323 pace

376 1373 524 1416 cum
574 1353 1106 1416 Lacedaemoniis
1165 1351 1639 1414 reconcilianda
1699 1360 2027 1432 ageretur,
2090 1352 2458 1433 complures
2506 1351 2962 1425 Athenienses,

377 1466 488 1547 qui
521 1474 745 1528 contra
785 1483 1015 1544 pacem
1048 1462 1412 1527 faciendam
1446 1456 1959 1535 coniuraverant,
2006 1461 2416 1536 indicaverat,
2466 1462 2575 1543 qui
2606 1463 2670 1524 in
2715 1462 2966 1525 vincula

376 1575 633 1655 publica
694 1575 968 1637 coniecti
1024 1595 1064 1636 a
1124 1573 1543 1655 trigintaviris
1605 1572 1802 1657 paulo
1862 1582 2015 1656 post
2082 1573 2310 1636 creatis
2379 1572 2694 1636 interfecti
2760 1582 2959 1636 erant.

376 1687 610 1749 Postea
654 1706 814 1749 vero
870 1687 1008 1768 ipse
1056 1686 1143 1748 ad
1188 1683 1534 1766 populares
1578 1683 1823 1764 Phylen
1883 1683 2136 1766 fugerat
2180 1694 2437 1755 etcum
2487 1683 2579 1747 eis
2624 1684 2690 1747 in
2737 1682 2962 1746 urbem

374 1805 746 1863 reverterat.
841 1796 1296 1876 Compluribus
1360 1803 1605 1857 autem‘
1643 1796 1828 1857 annis
1885 1805 2038 1875 post
2084 1817 2121 1857 a
2178 1794 2497 1876 Dionysio
2557 1802 2623 1857 et
2681 1814 2792 1869 e0,
2863 1795 2963 1857 cui

375 1907 601 1988 Lysias
646 1907 816 1969 hanc
862 1907 1222 1969 orationem
1270 1906 1550 1988 scripsit,
1614 1907 1840 1969 mortis
1887 1907 2138 1969 illorum
2186 1913 2523 1968 accusatus
2587 1913 2704 1972 est.
2797 1904 2963 1969 Con·

375 2017 580 2079 tendit
623 2016 975 2097 AgoratuS,
1026 2025 1093 2079 et
1137 2024 1310 2079 recte
1357 2017 1693 2079 contendit
1743 2026 2013 2103 propter
2060 2016 2441 2079 amnestiam
2485 2014 2961 2095 promulgatam

374 2148 444 2190 se
487 2128 817 2207 impunem
865 2147 1025 2201 esse,
1075 2126 1253 2209 quod
1296 2135 1748 2208 argumentum
1781 2136 2120 2190 accusator
2166 2127 2245 2211 ἐξ
2295 2129 2558 2204 88-90
2603 2125 2962 2205 praesumit

374 2238 679 2320 quodque
745 2237 942 2302 modo
1001 2237 1351 2300 artificioso
1420 2246 1486 2300 et
1556 2236 1761 2300 fallaci
1828 2237 2106 2300 refutare
2176 2247 2481 2310 conatur,
2552 2256 2701 2299 cum
2770 2236 2964 2299 docet

373 2357 604 2429 pactos
662 2368 804 2410 esse
882 2347 1139 2410 exsules
1197 2367 1349 2409 cum
1413 2347 1671 2410 urbanis
1717 2348 1756 2409 i.
1808 2368 1862 2409 e.
1934 2348 2198 2411 alteram
2243 2354 2498 2430 partem
2542 2366 2691 2409 cum
2738 2346 2957 2421 altera,

378 2479 504 2520 non
550 2479 706 2521 vero
755 2478 885 2531 eOS,
938 2458 1045 2539 qui
1094 2456 1386 2521 eiusdem
1426 2459 1630 2541 partis
1674 2457 1986 2536 fuissent,
2050 2458 2213 2520 inter
2256 2478 2344 2523 se.
2423 2457 2605 2539 Ergo
2651 2456 2960 2539 quoniam

377 2578 441 2631 et
486 2579 894 2633 accusatores
927 2577 991 2631 et
1022 2569 1354 2650 Agoratus
1402 2570 1567 2632 inter
1610 2569 1864 2634 exsules
1909 2569 2143 2632 fuerint
2212 2567 2297 2632 ad
2363 2567 2533 2632 hanc
2586 2567 2849 2631 causam
2897 2588 2956 2630 a·

376 2680 715 2743 mnestiam
744 2700 873 2742 non
902 2679 1235 2764 pertinere.
1290 2678 1504 2760 Quam
1529 2679 2160 2761 argumentationem
2184 2679 2478 2742 dolosam
2505 2689 2570 2741 et
2593 2677 2956 2760 improban-

382 2791 535 2853 dam
570 2811 710 2853 esse
735 2799 933 2872 patet,
963 2791 1344 2873 praesertim
1378 2810 1526 2853 cum
1548 2791 1612 2852 in
1636 2791 1989 2853 amnestiae
2012 2790 2395 2863 iuramentO,
2426 2789 2602 2870 quod
2628 2788 2802 2872 apud
2828 2789 2958 2851 An·

376 2900 676 2964 docidem
709 2901 1085 2974 invenimuS,
1116 2901 1352 2963 diserte
1382 2899 1628 2963 dictum
1653 2901 1768 2963 sit:
1805 2902 1949 2964 »καὶ
1993 2896 2072 2965 οὗ
2115 2899 2578 2985 μνησικακήσω
2607 2906 2744 2966 τῶν
2780 2903 2957 2964 πολι-

372 3017 509 3075 τῶν
540 3007 753 3076 οὐδενὶ
798 3011 1010 3095 πλὴν(
1066 3021 1184 3073 010.
1279 3010 1508 3092 Neque
1571 3018 1896 3074 oratorem
1943 3011 2157 3093 ipsum
2205 3010 2368 3092 fugit
2413 3010 2582 3073 hanc
2639 3010 2955 3076 rationem

375 3121 599 3184 falsam
632 3142 790 3196 esse,
828 3142 1023 3202 quam
1054 3122 1144 3184 ob
1190 3140 1345 3193 rem,
1395 3122 1769 3203 priusquam
1802 3140 1946 3183 eam
1981 3120 2244 3203 profert,
2295 3130 2542 3183 temere
2573 3120 2815 3183 iudices
2844 3120 2951 3183 ad·

373 3230 684 3305 hortatur,
736 3240 804 3294 ut
849 3233 1232 3295 amnestiam
1280 3229 1628 3312 neglegant
1675 3240 1742 3294 et
1784 3231 2059 3305 laedant,
2108 3250 2333 3295 eorum
2382 3240 2621 3305 autem,
2673 3231 2782 3313 qui
2828 3229 2954 3292 hoc

369 3339 582 3403 facere
627 3362 757 3404 non
790 3343 1086 3415 audeant,
1135 3351 1204 3404 ut
1236 3341 1419 3407 tollat
1446 3342 1838 3424 scrupulum,
1888 3342 2058 3404 illam
2089 3341 2271 3436 addit
2301 3342 2954 3422 argumentationem.

371 3452 608 3514 Totam
679 3461 900 3515 autem
966 3451 1134 3515 hanc
1203 3453 1512 3515 orationis
1577 3462 1830 3535 partem
1892 3473 2090 3535 quam
2159 3453 2533 3516 brevissime
2602 3452 2953 3535 expedivit,

373 3563 521 3642 quia
557 3549 730 3624 'iusta
775 3563 975 3625 verba
1021 3563 1102 3625 de
1148 3582 1226 3625 ea
1280 3561 1492 3625 facere
1545 3582 1676 3626 non
1722 3564 1955 3645 potuit.
2050 3561 2306 3643 Quibus
2352 3563 2435 3625 de
2482 3563 2691 3626 causis
2737 3564 2956 3645 negari

374 3693 503 3736 non
550 3682 770 3756 potest
814 3657 938 3736 hac
985 3694 1180 3738 causa
1227 3673 1516 3736 instituta
1563 3674 1950 3736 amnestiam
1998 3672 2738 3760 impugnat-quoniam
2779 3673 2957 3754 Ago-

373 3785 490 3846 rati
559 3782 843 3845 facinora
906 3783 1245 3849 anarchiae
1313 3791 1612 3865 tempore
1681 3784 2028 3846 commissa
2096 3782 2404 3845 oblivioni
2472 3783 2688 3846 danda
2753 3792 2954 3850 erant.

371 3894 509 3958 Nec
567 3914 698 3956 non
760 3903 860 3957 est
915 3894 1256 3957 verisimile
1316 3914 1385 3957 re
1449 3914 1603 3956 vera
1664 3893 1786 3956 hac
1834 3914 2030 3957 causa
2076 3893 2459 3956 amnestiam
2506 3894 2745 3957 laesam
2792 3913 2954 3968 esse,

374 4004 542 4087 quia,
590 4012 663 4066 ut
694 4004 872 4067 Blass
922 4024 1184 4087 quoque
1230 4004 1268 4072 l.
1294 4005 1392 4068 1.1
1430 4017 1553 4084 557
1600 4013 1894 4078 annotat,
1944 4004 2405 4086 suspicandum
2452 4013 2550 4067 est
2580 4004 2826 4067 iudices
2871 4003 2956 4067 ad

372 4113 544 4176 hunc
587 4113 973 4178 sceleratum
1019 4115 1353 4178 hominem
1401 4114 1987 4189 condemnandum,
2038 4115 2149 4197 qui
2197 4135 2405 4197 neque
2453 4113 2711 4179 urbanis
2743 4132 2955 4195 neque

374 4223 705 4287 exsulibus
750 4234 976 4306 gratus
1023 4234 1178 4300 erat,
1232 4245 1461 4288 omnes
1507 4225 1641 4288 fere
1685 4245 1934 4308 pronos
1979 4224 2192 4289 fuisse.

584 4334 808 4416 Atque
874 4336 1125 4398 etiamsi
1170 4336 1445 4399 dubitari
1507 4336 1671 4411 licet,
1739 4356 1895 4399 num
1942 4336 2278 4417 Agoratus
2339 4335 2809 4398 condemnatus
2854 4334 2954 4409 sit,

371 4441 497 4507 hac
542 4445 769 4508 eadem
818 4446 1108 4510 oratione
1155 4447 1591 4532 comperimus
1634 4447 2021 4511 amnestiam
2084 4447 2212 4512 iarn
2269 4456 2461 4513 antea
2501 4445 2742 4512 laesam
2791 4437 2959 4522 esse,
