3459 5050
1750 316 1931 386 '54

585 521 746 601 ipsis
791 520 1162 594 affirmetur,
1214 530 1285 581 ut
1328 521 1697 600 complures
1728 522 2138 601 apertissime
2170 541 2316 583 eam
2364 522 2673 597 refellant,
2724 544 2951 586 omnes
2999 522 3185 586 aliter

586 630 873 711 intellegi
919 632 1191 713 possint,
1244 633 1353 712 qui
1398 651 1567 694 nunc
1616 632 1802 694 nobis
1832 642 2097 694 restant
2145 635 2540 696 recensendi.

708 742 898 814 2111·
930 760 1079 821 pag.
1147 759 1181 822 3
1197 755 1225 821 5
1287 739 1559 804 Grosser
1624 742 1844 805 laudat
1903 743 2118 804 locum
2192 763 2275 804 ex
2336 745 2630 808 oratione
2680 745 2946 820 funebri,
3019 764 3186 827 quae

582 851 938 913 secundum
984 851 1298 915 Blassium
1346 853 1381 914 l.
1417 852 1452 913 l.
1502 853 1528 913 I
1567 864 1928 932 '429—439
1975 853 2134 915 falso
2183 853 2416 933 Lysiae
2481 855 2832 928 ascribitur,
2905 848 3186 936 petitum

583 961 755 1024 hunc
799 962 973 1044 (Lys.
1018 962 1073 1023 ΙΙ
1119 962 1266 1041 64):
1323 959 1420 1025 »οἱ
1464 962 1529 1025 δὲ
1575 960 2018 1036 κατελθόντες
2065 960 2315 1041 αὐτῶν,
2365 961 2615 1045 ἀδελφὰ
2662 963 2744 1030 τὰ
2776 967 3185 1049 βουλεύματα

582 1084 720 1147 τοῖς
780 1068 991 1155 ἔργοις
1054 1079 1193 1135 τῶν
1250 1069 1492 1136 ἐνθάδε
1555 1072 1873 1155 κειμένων
1936 1070 2436 1153 ἐπιδεικνύντες,
2503 1072 2625 1140 οὐκ
2691 1074 2797 1140 ἐπὶ
2863 1079 3182 1161 τιμωρίαν

581 1184 720 1247 τῶν
764 1179 1026 1265 ἐχθρῶν
1072 1178 1216 1245 ὀιλλ>
1259 1179 1365 1245 ’ἐπὶ
1413 1184 1744 1267 σωτηρίαν
1788 1192 1908 1266 τῆς
1969 1183 2225 1259 πόλεως
2271 1181 2677 1268 ἐτράποντο(
2745 1197 2890 1271 ete„
2955 1199 3020 1249 et
3077 1188 3184 1248 ad-

585 1294 680 1354 dit
709 1295 1096 1363 amnestiam
1140 1294 1244 1355 hic
1282 1312 1434 1355 cum
1466 1294 1673 1355 reditu
1707 1289 2029 1375 coniungi.
2128 1293 2259 1357 Sed
2293 1314 2580 1375 quanam
2615 1318 2680 1358 re
2729 1296 3179 1375 coniungitur?

586 1424 680 1465 an
715 1424 809 1476 ea,
860 1404 1037 1482 quod
1085 1405 1163 1477 ei,
1214 1386 1323 1485 qui
1365 1384 1707 1465 clementia
1740 1413 2018 1477 utuntur,
2069 1416 2386 1468 vocantur
2434 1403 2494 1469 οἱ
2539 1405 3000 1480 κατελθόντες,
3053 1407 3087 1467 i.
3121 1428 3182 1472 e.

585 1514 660 1587 ei,
694 1515 921 1596 quiex
968 1514 1193 1576 exsilio
1241 1514 1581 1585 redierant,
1635 1515 1745 1593 qui
1794 1514 2048 1575 exsules
2096 1513 2386 1576 fuerant?
2451 1511 2729 1595 Saepius
2788 1513 2914 1575 hoc
2977 1534 3179 1576 unum

585 1624 802 1685 aoristi
835 1624 1243 1706 participium
1285 1624 1492 1685 virum
1527 1625 1794 1686 doctum
1842 1624 1905 1685 in
1953 1644 2201 1686 errores
2236 1626 2472 1705 partim
2506 1624 2844 1698 maximos
2881 1645 2917 1686 e
2952 1626 3184 1706 quibus

587 1754 751 1796 unus
796 1734 957 1796 infra
1002 1736 1070 1817 (ξ
1122 1737 1231 1816 29)
1288 1710 1612 1814 urgendus
1661 1736 1799 1808 erit,
1850 1736 2123 1802 induxit.
2217 1734 2391 1796 Nihil
2439 1755 2523 1795 ex
2585 1735 2707 1796 hac
2756 1755 2920 1797 voce
2968 1735 3180 1816 colligi

587 1853 804 1926 potest
851 1846 989 1918 nisi,
1041 1854 1392 1927 postquam
1423 1845 1677 1917 exsules
1723 1846 2043 1918 redierint,
2081 1845 2464 1907 amnestiam
2500 1845 2983 1931 promulgatam
3018 1865 3175 1907 esse.

578 1954 821 2017 Utrum
865 1974 1110 2036 paucae
1155 1955 1371 2027 horae,
1410 1963 1480 2017 ut
1529 1955 1667 2036 ipse
1715 1955 1870 2027 vult,
1922 1976 2003 2017 an
2039 1977 2200 2017 unus
2249 1964 2361 2016 aut
2408 1938 2682 2019 fortasse
2720 1956 2851 2043 duo
2900 1976 3173 2028 menseS,

587 2075 658 2127 ut
703 2085 771 2126 re
821 2086 973 2127 vera
1021 2065 1263 2149 factum
1309 2075 1424 2138 est,
1476 2065 1974 2137 intercesserint,
2026 2086 2238 2146 neque
2281 2086 2364 2126 ex
2410 2064 2536 2126 hoc
2583 2064 2730 2127 loco
2778 2062 2992 2146 colligi
3038 2074 3178 2145 pot-

586 2158 683 2237 est
741 2195 969 2256 neque,
1034 2176 1152 2237 nisi
1200 2174 1365 2237 forte
1413 2156 1582 2236 aliud
1631 2185 2090 2257 argumentum
2140 2176 2409 2248 accedit,
2460 2196 2544 2236 ex
2611 2175 2754 2249 alio,
2804 2195 2932 2255 quo
2984 2176 3179 2238 Athe-

585 2286 837 2347 nienses
883 2274 1326 2360 κατελθόντες
1370 2287 1757 2371 amnestiam
1805 2287 2165 2348 decrevisse
2214 2286 2531 2348 dicuntur.
2628 2285 2760 2347 Cur
2794 2297 3011 2349 autem
3058 2286 3182 2348 hoc

585 2395 734 2459 loco
782 2406 999 2457 orator
1046 2406 1277 2468 narret,
1326 2406 1674 2477 postquam
1740 2398 2072 2469 redissent,
2139 2397 2574 2458 Athenienses
2641 2397 2966 2461 oblivione
3027 2398 3180 2458 iniu-

585 2507 707 2568 rias
739 2505 1072 2580 delevisse,
1123 2528 1271 2581 non,
1320 2518 1673 2590 postquam
1720 2508 2023 2571 Eleusina
2073 2508 2485 2589 recepissent,
2549 2508 2724 2589 quod
2787 2508 2959 2571 idem
3009 2508 3178 2571 cadit
3238 2551 3243 2558 -

584 2617 645 2677 in
697 2636 925 2680 omnes
970 2618 1149 2679 locos
1182 2619 1437 2690 simileS,
1491 2639 1617 2680 non
1665 2605 1924 2681 difficile
1957 2630 2053 2681 est
2087 2619 2369 2680 inventu.
2465 2618 2817 2700 Expeditio
2850 2620 3203 2683 Eleusinia·

586 2728 904 2789 rarissime
966 2739 1516 2791 commemoratur
1590 2749 1802 2809 neque
1847 2749 1964 2809 per
2019 2750 2087 2791 se
2137 2731 2275 2809 ipsa
2325 2730 2547 2808 magni
2598 2733 2912 2811 momenti
2954 2730 3178 2802 fuerat,

584 2839 824 2900 reditus
870 2847 1273 2920 autemerat
1321 2837 1563 2899 factum
1601 2841 2099 2922 ’celeberrimum
2147 2851 2214 2902 et
2260 2840 2535 2901 civitatis
2585 2841 2799 2903 d'enuo
2849 2842 3175 2903 instituen-

585 2947 705 3009 dae
738 2950 988 3010 initium
1023 2970 1140 3031 per
1164 2949 1519 3031 permultos
1554 2971 1760 3012 annos
1792 2953 2095 3013 omnibus
2121 2950 2546 3020 notissimum.
2614 2949 2937 3031 Quoniam
2964 2961 3178 3012 autem

586 3078 795 3138 neque
843 3059 971 3123 hoc
1015 3080 1229 3140 neque
1276 3061 1505 3122 ceteris
1547 3058 1705 3121 locis
1751 3059 2061 3124 similibus
2109 3059 2378 3121 oratoris
2412 3060 2510 3121 vel
2546 3050 2878 3152 scriptoris
2911 3061 3172 3124 interest

584 3179 884 3231 accurate
964 3168 1319 3234 amnestiae
1401 3179 1660 3251 tempus
1744 3155 2037 3236 definiress
2128 3177 2278 3250 post
2355 3170 2634 3231 reditum
2707 3191 2852 3232 eam
2920 3172 3170 3234 'dicunt

588 3280 914 3341 decretam
992 3299 1135 3342 esse
1210 3279 1458 3342 bellum-
1521 3279 1917 3342 Eleusinium
1996 3280 2442 3362 turpissimum
2522 3280 2963 3361 neglegentes
3090 3283 3180 3342 At

586 3390 638 3451 si
704 3389 848 3468 quis
902 3390 984 3451 de
1050 3402 1351 3468 tempore
1414 3410 1497 3451 ex
1559 3389 1686 3451 hoc
1749 3391 1893 3453 loco
1955 3391 2394 3452 coniecturam
2458 3389 2668 3453 facere
2729 3391 2900 3464 velit,
2949 3412 2985 3453 e
3047 3371 3173 3452 {ser-

582 3499 701 3571 bis,
738 3518 906 3578 quae
938 3502 1359 3562 antecedunt:
1419 3500 1561 3562 »καὶ
1609 3498 1736 3583 γάρ
1765 3524 1866 3589 τοιΙ
1911 3499 2198 3584 μεγάλην
2227 3498 2345 3581 μὲν
2376 3496 2525 3563 ἀντὶ
2561 3508 2797 3584 μικρᾶς
2845 3496 3182 3583 ἀπέδειξαν

581 3608 706 3693 ,τὴν
749 3608 971 3686 πόλιν,
1021 3602 1421 3692 ὁμονοοῦσαν
1467 3609 1533 3676 δὲ
1593 3605 1743 3673 ἀντὶ
1807 3610 2274 3693 στασιαζούσης
2335 3607 2718 3695 ἀπέφηναν<<
2742 3685 2749 3692 ¹
2771 3623 2893 3679 etc,
2959 3613 3213 3692 potius·

584 3720 929 3782 concludat
975 3721 1058 3782 de
1102 3722 1294 3783 rebus
1342 3721 1581 3782 diutius
1629 3731 1781 3802 post
1827 3722 2103 3784 reditum
2138 3720 2441 3800 perfectis
2488 3722 2686 3783 etiam
2751 3731 2973 3785 nostro
3028 3721 3171 3783 loco

585 3840 909 3892 oratorem
956 3829 1152 3911 loqui.

797 3940 1048 4001 Eadem
1098 3949 1316 4002 autem
1380 3941 1653 4002 dicenda
1700 3950 1849 4030 sunt
1895 3942 1976 4003 de
2036 3942 2184 4022 LyS.
2243 3942 2390 4004 le
2456 3959 2572 4020 34:
2644 3941 2760 4005 »τὸ
2807 3937 3172 4025 δ’ὖμέτερον

584 4053 846 4136 πλῆθος
906 4049 1369 4116 κατελθὸν...
1442 4045 1964 4135 ἠλευθέρωσενα,
2029 4062 2091 4112 et
2153 4052 2387 4114 deinde
2452 4054 2535 4114 de
2613 4052 2958 4140 Aeschinis
3025 4053 3177 4115 locis

585 4162 861 4234 duobuS,
912 4179 1076 4239 quos
1121 4157 1395 4223 Grosser
1439 4182 1502 4242 p,
1556 4177 1634 4242 37
1686 4170 1953 4224 tractat:
2028 4163 2082 4223 II
2140 4162 2291 4241 176:
2377 4161 2630 4226 »Πάλιν
2687 4162 2754 4225 δὲ
2815 4161 3178 4246 σωφρόνως

583 4269 1108 4347 πολιτευθέντες,
1156 4272 1265 4334 καὶ
1308 4273 1430 4334 τοῦ
1474 4270 1676 4353 δήμου
1722 4270 2171 4356 κατελθόντος
2219 4268 2354 4336 ἀπὸ
2425 4275 2680 4356 Φυλῆς,
2730 4268 3024 4356 Ἀρχίνου
3070 4274 3177 4336 καὶ

590 4380 1055 4465 Θρασυβούλου
1118 4380 1558 4464 προστάντων
1638 4384 1762 4445 τοῦ
1839 4381 2041 4464 δήμου
2096 4383 2204 4445 καὶ
2261 4381 2342 4446 τὸ
2399 4381 2486 4467 μὴ
2543 4395 2964 4466 μνησικακεῖν
3013 4381 3181 4466 πρὸς

585 4488 909 4574 ἀλλήλους
954 4486 1224 4573 ἔνορκον
1269 4483 1420 4575 ἡμῖν
1466 4492 2049 4576 καταστησάντων,
2099 4487 2261 4556 ὅθεν
2309 4491 2706 4575 σοφωτάτην
2749 4491 3007 4566 πάνπες
3056 4494 3181 4580 τὴν
