3459 5050
1599 317 1675 400 35'

344 540 508 607 sent,
557 533 1114 618 complecteretur.
1209 533 1528 598 Groteum
1575 543 1794 599 autem
1842 536 2150 623 sequitur,
2198 556 2368 599 ,cum
2415 534 2609 597 docet
2655 533 2938 618 priorem

342 645 745 718 amnestiam,
797 665 967 729 quae
1013 645 1190 729 pacis
1236 645 1534 707 condicio
1568 644 1821 718 fuisset,
1863 648 2089 710 statim
2134 655 2285 732 post
2313 643 2622 725 exsulums
2656 645 2937 707 reditum

343 754 758 837 Thrasybulo
809 766 1071 819 auctore
1104 754 1435 816 decretam
1484 764 1549 817 et
1581 755 1991 820 iureiurando
2024 766 2316 821 sanctam
2350 774 2510 825 esse,
2564 754 2721 818 dicit
2747 755 2931 815 'enim

338 888 403 948 p.
460 872 575 944 13:
645 862 927 927 »daru'm'
971 882 1102 927 war
1170 885 1237 926 es
1306 862 1411 927 die
1469 858 1641 927 erste
1703 866 2066 949 Handlung'
2096 864 2521 948 Thrasybul's
2568 864 2752 926 'nach
2820 864 2935 927 der

338 974 699 1037 Heimkehr
756 977 886 1038 und
949 973 1117 1037 nach
1174 975 1326 1037 dem
1387 973 1711 1055 Festzuge
1771 976 1891 1039 auf
1943 979 2046 1040 die
2102 976 2460 1060 Akropolis
2518 974 2730 1038 sofort
2761 974 2931 1036 eine

336 1094 507 1147 erste
557 1065 1247 1164 Volksversammlu'ng
1309 1085 1473 1147 nach
1520 1086 1634 1148 der
1694 1086 2457 1168 nahegelegenenPnyx
2520 1106 2597 1146 zu
2660 1081 2933 1150 berufen

337 1195 470 1256 und
518 1176 1020 1276 nacherfolgter
1053 1195 1522 1276 Abs'timmung
1571 1196 1677 1258 die
1722 1199 2117 1260 einstweilen
2148 1197 2553 1260 vereinbarte
2586 1194 2929 1257 Amnestie

334 1325 480 1367 zum
527 1292 1110 1367 Volksbeschlusse
1174 1300 1457 1369 erhebe'n
1522 1306 1653 1367 und
1714 1306 1998 1369 feierlich
2059 1307 2476 1370 beschworen
2531 1323 2608 1367 zu
2656 1306 2929 1368 lass-en«.

335 1414 556 1477 Verba
586 1425 807 1477 autem
861 1409 1084 1500 »ὅρκοι
1127 1416 1234 1479 καὶ
1283 1418 1675 1501 συνθῆκαιι,
1721 1404 1965 1498 quibus
1996 1426 2285 1480 oratores
2315 1435 2514 1499 saepe
2542 1407 2928 1476 amnestiam

340 1525 660 1609 appellare
706 1528 832 1588 iam
879 1527 1173 1600 vidimuS,
1223 1527 1309 1588 ita
1356 1527 1492 1589 vult
1559 1528 1860 1608 intellegi,
1921 1537 1989 1591 ut
2034 1525 2098 1591 αἱ
2147 1529 2475 1612 συνθῆκαι
2539 1527 2666 1587 sint
2731 1532 2927 1608 pacta

333 1658 372 1700 a
419 1638 734 1700 Pausania
800 1637 1186 1721 composita,
1254 1634 1313 1700 οἱ
1376 1622 1558 1722 ὅρκοι
1633 1638 1796 1700 haec
1852 1639 2211 1701 iuramenta
2279 1638 2499 1700 statim
2557 1644 2709 1719 post
2768 1632 2924 1696 redi-

332 1756 472 1809 tum
517 1748 711 1810 dicta.-

545 1856 675 1920 Sed
725 1859 850 1919 iam
897 1859 1057 1919 haec
1103 1878 1328 1940 pauca,
1376 1878 1547 1940 quae
1605 1877 1858 1920 summa
1922 1866 2072 1920 sunt
2118 1859 2254 1919 eius
2314 1854 2798 1928 dissertationiS,
2865 1853 2916 1914 si

330 1969 687 2030 accuratius
733 1964 1241 2041 considerantur,
1293 1988 1704 2051 nequaquam
1753 1968 2023 2052 possunt
2079 1968 2359 2051 probari.
2455 1964 2646 2027 Falso
2694 1964 2922 2026 statuit

331 2097 556 2161 pacem
606 2087 755 2162 post
800 2077 1096 2139 exsulum
1148 2077 1431 2139 reditum
1476 2079 1887 2140 iureiurando
1935 2088 2223 2140 sanctam
2271 2098 2431 2139 esse.
2524 2075 2694 2137 Nam
2760 2074 2915 2135 redi·
3009 2098 3012 2099 ⁷

325 2196 430 2248 tus
478 2187 614 2271 ipse
658 2191 914 2250 summa
962 2196 1099 2249 erat
1139 2189 1315 2272 pacis
1361 2187 1678 2262 condicio,
1730 2209 1814 2250 ex
1870 2190 1961 2251 eis
2015 2198 2254 2262 autem,
2305 2207 2472 2272 quae
2518 2205 2714 2268 supra
2748 2187 2811 2267 (ἓ
2844 2185 2911 2264 9)

324 2297 745 2359 disseruimus
774 2347 787 2371 ,
860 2306 1165 2380 apertum>
1227 2306 1327 2359 est
1392 2317 1623 2378 pacem
1691 2320 1822 2361 non
1892 2311 2034 2372 ταῖς
2104 2298 2469 2382 συνθήκαις
2536 2293 2917 2374 compositis

323 2416 532 2468 ratam
574 2406 808 2470 factam
869 2428 1029 2481 esse,
1091 2407 1208 2470 sed
1253 2419 1390 2481 τοῖς
1450 2401 1669 2492 ὅρκοις
1727 2409 1968 2481 iuratis,
2018 2401 2216 2490 quam
2262 2409 2352 2470 ob
2398 2427 2532 2469 rem
2575 2425 2696 2484 pro
2741 2413 2918 2466 certo

323 2516 700 2580 habendum
745 2529 843 2581 est
897 2529 1235 2600 utramque
1291 2519 1756 2600 paciscentium
1816 2530 2068 2602 partem
2133 2518 2473 2591 iuravisse,
2538 2516 2913 2598 priusquam

317 2628 520 2690 altera
566 2648 718 2710 pars
767 2629 831 2688 in
881 2629 1387 2716 urbemnrediret
1446 2631 1664 2711 itaque
1725 2649 2048 2692 summam
2108 2628 2556 2691 condicionem
2605 2624 2912 2690 efficeret.

324 2736 491 2800 Solis
538 2739 1028 2801 condicionibus
1052 2721 1286 2820 ’neque
1332 2740 1585 2802 exsules
1632 2761 1843 2822 neque
1893 2740 2115 2802 urbani
2165 2739 2321 2802 satis
2368 2735 2656 2800 obstricti
2706 2745 2905 2807 erant,

322 2857 388 2910 et
442 2857 698 2922 tamen,
770 2849 1143 2930 priusquam
1213 2850 1276 2910 in
1339 2866 1536 2912 unam
1602 2852 1931 2913 civitatem
2003 2845 2581 2920 reconciliarentur,
2657 2846 2910 2925 utrique

319 2968 502 3020 erant
563 2959 1028 3039 obstringendi.
1124 2937 1361 3021 Etiam*
1400 2956 1611 3021 m'inus
1667 2981 1745 3023 ea
1816 2961 2089 3023 obtineri
2157 2968 2459 3042 possunt,
2532 2976 2726 3038 quae·
2765 2949 2956 3016 loco'

318 3067 521 3129 modo
566 3067 758 3130 allato
804 3068 1014 3141 docet,
1062 3066 1475 3149 Thrasybulo
1538 3080 1803 3132 auctore
1848 3072 2220 3133 contionem
2266 3078 2698 3132 convocatam
2745 3085 2905 3138 esse,

315 3198 484 3259 quae
518 3173 857 3259 ‘suffragiis
901 3178 1046 3239 latis
1093 3179 1476 3241 amnestiam
1538 3181 1601 3241 in
1664 3181 2153 3243 condicionibus
2196 3180 2614 3242 constitutam
2683 3174 2907 3258 populi
2960 3183 2964 3187 ’

315 3288 650 3350 decretum
697 3288 1103 3356 reddidisset.
1199 3290 1554 3371 Quomodo
1613 3292 1879 3353 tandem
1938 3290 2073 3353 fieri
2122 3291 2365 3369 potuit,
2411 3296 2498 3358 ,ut
2544 3290 2625 3350 de
2672 3307 2738 3348 re
2777 3286 2905 3347 iam

312 3398 670 3459 constituta
727 3398 1032 3479 suffragia
1092 3400 1442 3462 ferrentur?
1534 3402 1699 3463 Nam
1749 3420 1916 3480 quae
1972 3422 2072 3462 res
2117 3400 2450 3480 suffragiis·
2493 3397 2903 3480 permittitur,

309 3508 376 3569 in
426 3517 765 3589 utramque
813 3493 1067 3590 partem
1138 3512 1394 3574 decerni
1444 3522 1680 3593 potest.
1779 3511 1910 3573 Sed
1955 3512 2108 3592 quid
2158 3510 2394 3577 sactum
2443 3519 2647 3581 esset,
2700 3507 2906 3570 si'ex-

308 3617 501 3692 sules,
532 3620 660 3706 xqui
707 3606 1132 3682 maior-certe
1190 3622 1700 3685 contionantium
1759 3642 1907 3703 pars
1956 3621 2225 3694 fuerunt,
2276 3620 2662 3682 amnestiam
2719 3615 2902 3699 rogass

304 3738 448 3791 tam
502 3730 987 3809 antiquassent?
1081 3731 1278 3793 Dicas
1322 3733 1500 3816 pacis
1567 3733 2056 3797 condicionibus
2118 3753 2231 3794 eos
2298 3732 2647 3794 obstrictos
2684 3729 2898 3801 fuisse,

307 3852 382 3902 ut
440 3840 810 3920 probarent.
906 3839 1038 3904 Sed
1098 3842 1568 3924 ineptissimum
1653 3853 1752 3905 est
1810 3843 1891 3905 de
1957 3865 2024 3905 re
2067 3842 2401 3923 'suffragia
2463 3840 2658 3913 ferre,
2732 3860 2900 3921 quae

303 3950 439 4011 iam
485 3959 581 4011 est
642 3949 918 4017 decreta.
1013 3951 1195 4031 Quas
1267 3952 1674 4016 difficultates
1722 3952 2111 4016 Grosserum
2169 3953 2451 4034 effugere
2515 3971 2644 4012 non
2703 3969 2897 4032 posse

302 4060 575 4139 singulis
620 4059 777 4121 locis
824 4063 1228 4143 pertractatis
1276 4065 1634 4145 apparebit.

520 4170 653 4231 Iam
714 4170 817 4233 hic
879 4172 1526 4235 commemorandum
1619 4183 1714 4235 est
1791 4169 1958 4236 aliud
2020 4182 2496 4253 argumentum,
2564 4172 2647 4233 ad
2715 4172 2893 4255 quod

299 4281 539 4376 iterum
586 4290 652 4342 et
696 4282 954 4363 saepius
1001 4280 1274 4344 Grosser
1321 4282 1577 4364 refugit,
1627 4283 1895 4365 longum
1943 4295 2205 4365 tempus
2251 4286 2415 4346 inter
2463 4283 2739 4344 reditum
2789 4302 2892 4342 ex·

297 4388 510 4476 sulum
545 4400 609 4452 et
639 4393 1124 4472 expeditionem
1154 4389 1552 4456 Eleusiniam
1601 4394 2051 4457 intercessisse.
2126 4394 2321 4482 Quod
2354 4395 2406 4456 si
2439 4403 2612 4456 recte
2645 4393 2887 4454 dictum

299 4510 494 4582 esset,
543 4501 826 4563 nonnulli
874 4501 1026 4576 loci,
1085 4492 1332 4582 'quibus
1403 4503 1916 4578 »κατελθόντεςι
1978 4504 2414 4567 Athenienses
2475 4504 2773 4565 dicuntur
2831 4523 2890 4576 a·

2394 4621 2456 4684 3*
