3459 5050
6 0 413 326 s

1719 339 1794 397 18

438 530 581 611 rant
628 551 763 611 sive
811 550 990 634 quod
1039 549 1264 629 populi
1313 548 1471 609 iram
1536 551 1803 610 omnino
1863 551 2076 611 minus
2136 559 2495 622 moverant,
2564 549 2743 633 quod
2809 568 3042 630 nequa-

433 680 632 743 quam
679 669 775 722 est
820 659 949 720 veri
1001 657 1321 731 dissimile,
1374 660 1523 741 quia
1572 660 1809 721 scimus
1858 660 1920 721 in
1965 660 2230 722 Piraeeo
2280 659 2628 742 populares
2677 660 2889 720 minus
2933 679 3036 720 ve-

432 780 621 832 xatos
669 790 825 832 esse.
922 769 1152 853 Neque
1197 768 1278 829 illi
1328 769 1390 829 in
1436 769 1712 849 patriam
1772 769 1979 832 redire
2046 770 2235 851 plane
2301 769 2482 831 vetiti
2548 778 2761 841 erant,
2832 769 3035 830 immo

431 859 625 942 etiam
675 881 765 941 eis
814 879 1019 941 redire
1084 888 1148 939 et
1216 879 1534 940 amnestia
1605 880 1724 941 frui
1774 879 2009 941 licebat
2072 881 2489 959 magistratus
2555 878 2721 958 gesti
2790 879 3039 941 ratione

432 989 717 1065 reddita,
785 1010 916 1074 qua
981 989 1231 1050 reddita
1295 989 1423 1050 iam
1482 991 1838 1051 secundum
1895 991 2073 1069 pacis
2135 990 2457 1051 Pausania
2518 999 2784 1050 auctore
2827 971 3038 1050 factae

430 1084 845 1179 condiciones
893 1099 1201 1161 redeundi
1249 1097 1624 1161 facultatem
1655 1100 1910 1181 assequi
1959 1120 2071 1159 eos
2105 1103 2397 1179 potuisse
2446 1119 2655 1183 neque
2690 1100 3041 1180 scriptores

429 1212 691 1273 tradunt
740 1231 951 1294 neque
998 1210 1338 1271 verisimile
1398 1218 1513 1271 cst.
1611 1210 1780 1271 Nam
1828 1208 2078 1271 Eleusis
2140 1211 2293 1271 urbs
2367 1209 2689 1289 refugium
2746 1221 2883 1271 tum
2952 1211 3041 1270 eis

429 1321 732 1383 omnibus
780 1341 1089 1382 concessa
1139 1329 1250 1382 aut
1299 1321 1532 1402 potiuS,
1585 1321 1896 1402 quoniam
1944 1329 2115 1381 certe
2161 1319 2435 1401 plurimi,
2489 1319 2762 1381 fortasse
2808 1339 3035 1380 omnes

428 1431 516 1492 ibi
566 1432 692 1491 iam
740 1441 940 1504 erant,
994 1431 1211 1492 relicta
1255 1439 1371 1503 est,
1422 1451 1550 1512 qua
1601 1431 1779 1502 urbe,
1831 1440 2182 1512 postquam
2218 1439 2413 1508 capta
2463 1439 2528 1490 et
2576 1449 2723 1490 cum
2759 1428 3035 1491 Athenis

426 1541 642 1602 denuo
689 1542 1040 1603 coniuncta
1089 1549 1203 1611 est,
1255 1559 1382 1600 non
1432 1541 1644 1601 minus
1693 1561 1891 1622 quam
1951 1539 2230 1602 Athenis
2298 1540 2451 1622 ipsis
2499 1539 2808 1621 prohibiti
2868 1549 3033 1600 sunt.

639 1652 725 1713 Et
768 1651 930 1713 haec
981 1650 1215 1713 eadem
1263 1671 1362 1711 res
1408 1671 1602 1712 causa
1650 1652 1734 1711 sit
1795 1651 2228 1730 intellegenda
2292 1650 2690 1728 gravissima,
2757 1670 2870 1710 cur
2933 1670 3034 1711 ex·
3097 1638 3108 1642 ’

427 1761 596 1822 sules
648 1770 711 1822 et
758 1761 1002 1834 urbani,
1054 1780 1201 1821 cum
1251 1782 1287 1822 a
1336 1760 1648 1822 Pausania
1698 1761 2265 1822 reconciliarentur
2323 1769 2387 1820 et
2447 1778 2678 1844 pacem
2736 1759 3032 1833 facerent,

426 1872 718 1933 omnium
769 1890 978 1932 rerum
1045 1881 1192 1932 ante
1257 1880 1547 1931 actarum
1600 1871 1994 1934 oblivionem
2056 1870 2235 1951 pacis
2306 1870 2755 1931 condicionem
2818 1869 3038 1931 facere

423 1962 933 2063 supersederint:
1023 1981 1194 2042 Tum
1245 1981 1436 2053 enim,
1490 1981 1800 2058 quoniam
1849 1989 2160 2042 statutum
2210 1989 2363 2055 erat,
2416 1990 2503 2054 ut,
2556 1981 2607 2040 si
2670 1980 2816 2063 quis
2875 1999 3038 2060 pace

422 2091 792 2172 composita
841 2111 969 2151 non
1018 2089 1394 2163 confideret,
1463 2089 1769 2151 Eleusina
1815 2111 1884 2151 se
1932 2090 2299 2164 conferret,·
2340 2091 2478 2151 sine
2540 2089 2741 2152 dubio
2811 2109 3036 2150 omnes

429 2201 485 2261 ei
538 2201 783 2273 urbani,
835 2201 1071 2281 quibus
1133 2199 1458 2261 oblivione
1522 2200 1806 2262 maxime
1863 2222 2031 2282 opus
2097 2210 2283 2273 erat..
2325 2221 2406 2262 eo
2477 2220 2547 2261 se
2611 2199 3033 2264 contulerant.

426 2310 556 2390 Qui
604 2330 757 2371 cum
805 2320 955 2392 post
1003 2309 1491 2391 expeditionem
1539 2319 1766 2371 contra
1816 2331 1928 2372 eos
1977 2312 2217 2373 factam
2265 2330 2492 2371 omnes
2553 2310 2616 2371 in
2666 2310 2896 2372 urbem
2946 2329 3033 2370 re-

423 2430 847 2493 verterentur,
898 2421 1035 2481 sine
1084 2428 1261 2481 metu
1310 2420 1540 2481 reverti
1588 2440 1734 2502 nond
1769 2430 2122 2502 potuerunt
2185 2422 2302 2483 nisi
2364 2421 2680 2482 amnestia
2740 2421 2828 2483 eis
2891 2439 3037 2480 con·

421 2551 617 2593 cessa.
719 2532 1119 2603 Accesserit,‘
1152 2531 1331 2614 quod
1389 2532 1445 2592 ei
1511 2552 1797 2614 quoque,
1866 2533 1976 2616 qui
2040 2532 2316 2594 Athenis
2376 2540 2833 2604 remanserant,
2905 2531 3031 2592 iam

420 2652 755 2704 senserant
802 2662 1035 2721 pacem
1084 2642 1287 2703 solam
1337 2650 1627 2703 sanctam
1675 2642 1760 2702 ad
1794 2662 2021 2703 omnes
2051 2643 2193 2703 lites
2241 2663 2322 2703 ex
2370 2643 2610 2704 iniuriis
2660 2651 2812 2703 ante
2857 2661 3032 2702 com-

421 2753 630 2813 missis
679 2762 855 2814 ortas
904 2752 1409 2832 supprimendas
1459 2772 1589 2813 non
1621 2750 1936 2825 sufficere,
1985 2753 2166 2814 cuius
2212 2753 2537 2834 opinionis
2584 2752 3031 2813 testimonium

425 2862 747 2923 habemus
792 2862 1026 2943 Lysiae
1056 2882 1320 2923 causam
1370 2862 1432 2922 in
1481 2861 1981 2924 Eratosthenem
2030 2872 2261 2925 actam.
2361 2862 2617 2941 Quibus
2679 2862 2761 2923 de
2823 2860 3032 2922 causis

431 2971 552 3033 hac
600 2974 947 3034 occasione
993 2972 1216 3034 oblata
1263 2972 1373 3043 eis,
1438 2971 1545 3054 qui
1606 2972 1908 3034 Eleusine
1972 2973 2269 3035 Athenas
2329 2980 2743 3045 reverterunt,
2816 2980 3033 3052 postu·

421 3077 723 3152 lantibuS,
775 3079 864 3139 eis
914 3079 1191 3152 urbaniS,
1243 3079 1352 3162 qui
1400 3091 1552 3161 post
1619 3083 1917 3144 exsulum
1982 3084 2318 3144 introitum
2379 3081 2657 3143 Athenis
2716 3099 3031 3141 remanse-

421 3196 582 3262 rant,
635 3187 1031 3269 opta'ntibuS‚
1084 3209 1309 3250 eorum
1361 3191 1669 3272 ipsorum,
1724 3193 1833 3275 qui
1884 3193 2137 3254 exsules
2188 3192 2455 3264 fuerant,
2511 3189 3035 3272 prudentioribus

421 3299 725 3360 omnibus
759 3300 1214 3361 adiuvantibus
1251 3310 1364 3363 aut
1396 3311 1573 3363 certe
1608 3321 1740 3362 non
1780 3303 2194 3364 obstantibus
2227 3301 2613 3363 amnestiam
2649 3299 3033 3361 crediderim

419 3409 503 3471 ab
556 3410 858 3471 omnibus
907 3410 1154 3471 civibus
1204 3410 1531 3503 decretam
1582 3420 1646 3471 et
1693 3412 2106 3473 iureiurando
2153 3409 2479 3472 firmatam
2529 3429 2687 3471 esse.

634 3518 942 3603 Sequitur
1006 3521 1182 3601 apud
1245 3520 1660 3582 Andocidem
1723 3521 2185 3593 iusiurandum,
2237 3520 2413 3600 quod
2478 3512 2555 3602 »ἡ
2600 3510 2805 3603 βουλή
2851 3510 2891 3602 ἡ
2938 3512 3033 3580 ἀεὶ

415 3627 818 3709 βουλεύουσα
863 3625 1155 3712 damac«,
1209 3630 1387 3712 quod
1436 3640 1697 3693 senatus
1745 3651 1875 3692 non
1924 3631 2130 3692 solum
2179 3629 2498 3691 amnestia
2547 3628 2810 3690 decreta
2866 3629 3025 3689 iura-

415 3748 618 3809 verat,
671 3738 786 3800 sed
833 3739 1107 3819 saepiuS,
1174 3739 1416 3800 scilicet
1478 3740 1847 3821 quotannis,
1925 3741 2280 3822 repetebat.
2405 3737 2603 3817 Quod
2673 3737 2791 3799 fuit
2859 3737 3019 3800 hoc:

423 3849 567 3911 »καὶ
611 3845 690 3911 οὐ
739 3848 991 3931 δέξομαι
1036 3843 1308 3930 ἔνδειξιν
1353 3844 1501 3911 οὐδὲ
1550 3845 1914 3934 ἀπαγωγὴν
1961 3845 2148 3913 ἕνεκα
2196 3852 2336 3913 τῶν
2382 3846 2708 3931 πρότερον
2780 3868 3031 3929 γεγενη-
3059 3901 3074 3914 .

415 3957 653 4040 μένων,
714 3956 890 4043 πλὴν
961 3961 1102 4022 τῶν
1171 3956 1589 4041 φυγόντωυ,«
1665 3960 1845 4041 quod
1910 3958 2026 4020 nisi
2104 3959 2305 4020 altero
2365 3956 2773 4019 iureiurando
2828 3966 3020 4018 antea

428 4069 654 4129 audito
702 4089 739 4129 a
787 4068 977 4130 nobis
1023 4088 1153 4129 non
1202 4068 1609 4148 intellegitur,
1660 4069 1815 4152 quia
1862 4088 1978 4149 per
2024 4088 2093 4129 se
2138 4078 2436 4151 apertum
2493 4086 2622 4128 non
2682 4075 2799 4137 est,
2861 4065 3019 4149 quid

419 4178 539 4239 sibi
600 4177 796 4239 velint
859 4178 1090 4241 verba:
1162 4175 1376 4261 »πλὴν
1436 4180 1576 4242 τῶν
1637 4175 2057 4261 φυγόντων<<.
2168 4179 2497 4258 Quoniam
2558 4198 2713 4238 vero
2778 4178 3015 4238 scimus

417 4286 855 4365 trigintaviros
904 4299 966 4346 et
1023 4287 1512 4360 undecimvirOS,
1574 4308 1612 4348 a
1659 4287 2016 4350 facinorum
2080 4287 2405 4349 oblivione
2452 4287 2750 4349 exclusos
2798 4286 3011 4357 fuisse,

418 4416 548 4456 non
594 4415 897 4469 erramuS,
944 4396 995 4457 si
1045 4396 1164 4458 hos
1199 4398 1371 4459 viros
1406 4398 1676 4459 dicimus
1708 4398 1809 4459 his
1851 4398 2067 4460 verbis
2113 4396 2478 4478 significari,
2518 4397 2669 4480 quia
2700 4398 3016 4458 amnestia

418 4506 508 4573 eis
554 4511 794 4593 negata
843 4527 910 4576 re
956 4527 1109 4575 vera
1157 4508 1217 4572 in
1277 4507 1571 4575 exsilium
1617 4508 1793 4575 missi
1841 4516 2005 4575 sunt.
2101 4508 2173 4572 In
2221 4527 2301 4574 eo
2355 4515 2575 4571 autem
2647 4507 3010 4575 iuramento
