3459 5050
1827 286 1910 347 80

1662 376 1827 383 -m

574 498 835 560 nomina
881 498 1222 580 colligendi
1270 508 1531 577 tempus
1578 499 1668 559 eis
1728 494 1932 572 fuerit,
1997 518 2147 561 cum
2193 497 2644 578 Frohbergero
2707 494 3162 558 dubitaverim.

569 606 702 669 Iam
750 609 947 670 verba
1002 606 1465 692 »ἐπολιόρκουν
1495 607 1651 683 τοὺς
1694 605 1846 692 μεθ’
1889 604 2146 673 αὑτῶν(
2204 606 2479 670 Grosser
2521 605 2715 669 refert
2736 598 2828 668 ¹ad
2860 605 3159 668 Athenas

569 719 653 780 ab
702 719 1029 781 exsulibus
1075 720 1530 793 obsessasita,
1579 729 1648 781 ut
1695 728 1936 782 statuat
1999 741 2128 782 non
2192 739 2437 793 omneS,
2489 720 2612 799 ,qui
2674 739 2818 781 sese
2879 717 3166 797 triginta·

569 828 744 891 viros
798 838 1130 892 secuturos
1189 816 1329 891 es‘se
1393 829 1663 910 professi
1728 840 1962 903 essent,
2024 851 2137 893 eos
2196 839 2452 892 secutos
2519 850 2678 902 esse,
2750 828 2904 910 quin
2969 829 3168 891 etiam

569 939 913 1002 nonnullos
974 960 1200 1002 eorum
1261 940 1497 1002 deinde
1552 942 1635 1002 ad
1699 942 1954 1003 exsules
2014 938 2332 1027 transisse,
2371 950 2440 1002 ’et
2502 960 2650 1002 cum
2713 939 2804 1002 eis
2870 938 3168 1001 Athenas

568 1050 1065 1130 oppugnavisse.
1161 1051 1349 1132 Quae
1382 1052 1723 1124 sententia,
1775 1070 2172 1131 quamquam
2205 1049 2465 1113 refutari
2500 1070 2617 1132 per
2647 1070 2715 1111 se
2751 1068 2884 1111 non
2918 1057 3158 1128 potest,

568 1169 805 1233 tamen,
857 1170 927 1223 ut
975 1171 1146 1224 recte
1194 1160 1447 1224 Stutzer
1492 1161 1510 1220 1
1564 1161 1602 1227 l.
1638 1183 1698 1243 p.
1752 1176 1834 1241 37
1884 1162 2371 1238 demonstravit,
2424 1183 2552 1224 non
2587 1170 2704 1233 est,
2756 1160 2941 1242 quod
2982 1159 3165 1222 alteri

569 1270 986 1350 praeferatur,
1037 1282 1133 1335 est
1179 1283 1397 1334 autem
1445 1281 1956 1334 consentaneum
2019 1292 2166 1334 eam
2228 1273 2611 1335 mittendam
2675 1292 2838 1345 esse,
2889 1271 2943 1332 si
2989 1278 3166 1332 recte

568 1382 987 1463 exposuimus
1046 1384 1247 1445 verba
1316 1389 1488 1447 »τῶν
1535 1376 1933 1446 Ἐλευσῖνάδε
1997 1378 2616 1466 ἀπογραψαμένωυι
2670 1381 2899 1444 melius
2943 1381 3024 1443 de
3071 1380 3166 1442 eis

570 1490 871 1572 intellegi,
921 1493 1031 1573 qui
1080 1512 1241 1574 pace
1274 1492 1443 1555 facta
1492 1493 1755 1554 nomina
1788 1490 2074 1574 professi
2122 1493 2268 1558 sint.
2363 1493 2578 1573 Quam
2613 1493 2701 1554 ob
2751 1512 2888 1553 rem
2928 1491 3166 1553 rectius

567 1622 715 1663 cum
750 1602 1051 1665 omnibus
1081 1601 1311 1665 ceteris
1345 1603 1495 1665 viris
1543 1603 1753 1665 doctis
1788 1605 2152 1685 cogitamus
2201 1603 2282 1666 de
2316 1603 2616 1665 Eleusine
2664 1603 2822 1664 urbe
2869 1594 3162 1665 obsessa.

571 1711 703 1775 Sed
750 1713 1195 1775 iam⁴dubitari
1241 1722 1477 1794 potest,
1545 1716 1881 1793 quomodo
1943 1715 2212 1777 verbum
2265 1711 2728 1796 »ἑξελθόντεςι
2789 1710 3154 1790 intellegen-

569 1822 879 1885 dum-sit.
975 1824 1383 1905 Frohberger
1446 1825 1639 1887 docet
1696 1845 1954 1896 eorum,
2022 1825 2128 1904 qui
2189 1824 2452 1886 nomina
2510 1822 2786 1906 professi
2851 1820 3165 1884 Eleusina

568 1932 1034 2013 migravissent,
1097 1934 1453 2007 nonnuHOS,
1518 1954 1664 1997 cum
1714 1934 2146 1997 Athenienses
2213 1934 2295 1996 ad
2356 1935 2580 1996 urbem
2642 1929 3160 2015 oppugnandam

565 2045 1004 2118 accessissent,
1068 2046 1152 2106 ad
1217 2066 1330 2107 eos
1393 2047 1605 2107 exisse
1667 2054 1734 2106 et
1794 2046 1982 2107 simul
2048 2064 2195 2106 cum
2242 2045 2332 2106 eis
2378 2064 2530 2106 suos
2578 2042 2930 2117 obsedisse.
3028 2038 3162 2102 Sed

564 2174 958 2236 quamquam
1006 2157 1290 2237 priorem
1337 2154 1768 2236 Frohbergeri
1818 2156 2418 2238 interpretationem
2463 2162 2724 2216 secutus
2771 2173 2936 2224 sum,
2988 2158 3177 2215 hane.

563 2264 829 2327 alteram
893 2286 1020 2328 non
1082 2266 1512 2361 probaverim,
1582 2286 1732 2355 nam
1782 2287 1818 2327 e
1881 2267 2082 2329 verbo
2133 2262 2789 2349 »ἀπογραψαμένωνα
2843 2261 3157 2334 adhibito,

566 2385 637 2437 ut
685 2375 957 2438 Grosser
1011 2376 1043 2438 l.
1092 2375 1129 2441 l.
1180 2398 1239 2457 p.
1299 2376 1428 2439 206
1494 2385 1667 2438 recte
1727 2377 1899 2451 dicit,
1964 2377 2181 2459 potius
2241 2376 2677 2456 colligendum
2740 2382 2838 2436 est
2892 2373 3163 2454 Lysiam

561 2485 737 2567 loqui
786 2486 866 2548 de
913 2485 1302 2563 horninibuS,
1353 2487 1460 2569 qui
1511 2475 1775 2550 nomina
1822 2485 2092 2569 professi
2140 2486 2445 2550 Eleusina
2505 2506 2636 2548 non
2699 2485 3150 2565 migraverant.

565 2595 779 2676 Quam
828 2598 917 2658 ob
950 2617 1084 2658 rem
1117 2590 1450 2659 statuerim
1485 2598 1823 2676 nonnullos
1859 2617 2104 2671 eorum,
2157 2599 2266 2677 qui
2297 2598 2598 2659 Eleusina
2644 2617 2713 2658 se
2761 2595 3155 2675 migraturos

564 2727 705 2770 esse
753 2727 916 2789 pace
964 2708 1327 2789 composita
1374 2707 1702 2781 dixissent,
1768 2717 1985 2771 tamen
2019 2708 2082 2770 in
2121 2709 2277 2770 urbe
2326 2708 2711 2770 remansisse
2757 2716 2824 2768 et
2869 2725 3015 2768 cum
3065 2724 3159 2766 ce·

567 2816 718 2878 teris
768 2816 1276 2888 Atheniensibus
1310 2825 1533 2879 contra
1563 2817 1868 2880 Eleusina
1901 2818 2386 2899 expeditionem
2436 2817 2662 2880 fecisse
2779 2817 2929 2897 Qua
2977 2817 3162 2878 inter·

566 2926 928 3008 pretatione
972 2937 1246 3009 accepta
1294 2926 1645 3007 elegantius
1691 2929 1854 2990 inter
1898 2949 1969 2990 se
2014 2929 2318 3010 opposita
2365 2939 2534 3000 sunt,
2583 2937 2653 2989 ut
2699 2927 2875 2989 Fuhr
2919 2926 2956 2987 l.
3012 2925 3048 2987 l.
3098 2945 3161 3006 p.

575 3049 691 3116 105
758 3047 1045 3109 annotat,
1113 3038 1312 3099 verba
1376 3035 1795 3120 »ἐξελθόντες
1853 3034 2002 3120 μεθ’
2062 3032 2282 3121 ὑμῶν(
2347 3048 2423 3101 et
2481 3035 2948 3121 »ἐπολιόρκουν
3009 3034 3165 3110 τοὺς

563 3141 712 3229 μεθ’
756 3141 1039 3219 αὑτῶυει,
1087 3168 1234 3209 cum
1281 3148 1735 3230 Frohbergero
1781 3159 1847 3211 et
1890 3150 2045 3211 item
2099 3148 2420 3213 Grossero
2469 3149 2667 3211 verba
2721 3142 2905 3231 »μεθ’
2936 3142 3155 3230 ὑμῶν(

564 3276 711 3319 cum
757 3257 957 3319 verbo
1012 3255 1513 3342 »ἑπολιόρκουνα
1580 3259 2037 3339 coniungenda
2099 3261 2241 3322 sint.
2340 3259 2606 3321 Poterat
2665 3267 2884 3319 autem
2930 3256 3163 3338 Lysias

566 3368 760 3429 etiam
807 3367 928 3429 hac
975 3369 1223 3430 ratione
1270 3389 1380 3430 eos
1434 3369 1734 3441 urbanOS,
1787 3370 1896 3450 qui
1944 3391 2012 3431 re
2060 3391 2212 3433 vera
2255 3369 2556 3432 Eleusina
2618 3389 2690 3430 se
2738 3369 3159 3439 contulerant,

572 3476 765 3551 »τοὺς
809 3475 959 3560 μεθ’
1007 3473 1266 3542 αὑτῶνι
1336 3500 1591 3550 vocare,
1655 3480 1808 3560 quia
1867 3480 2123 3562 utrique
2188 3500 2316 3542 non
2377 3481 2586 3541 solum
2634 3490 2701 3540 ut
2751 3478 2994 3550 urbani,
3046 3477 3162 3539 sed

566 3587 760 3648 etiam
809 3599 879 3650 ut
926 3582 1318 3652 Ἐλευσῖνάδε
1364 3584 1906 3673 ἀπογραψάμενοι
1955 3590 2247 3652 eiusdem
2294 3589 2591 3652 factionis
2637 3598 2839 3676 erant.

778 3697 1025 3778 Quodsi
1075 3719 1244 3759 nunc
1279 3699 1568 3780 >denique
1615 3699 1837 3780 quaeri
1870 3710 2109 3782 potest,
2162 3720 2315 3761 num
2362 3700 2789 3773 accusatione,
2836 3719 2875 3761 a
2921 3719 3054 3780 qua
3086 3698 3155 3769 is,

566 3807 677 3887 qui
725 3806 889 3869 hanc
934 3809 1291 3870 orationem
1339 3808 1558 3881 habet,
1623 3830 1693 3871 se
1755 3809 2062 3882 defendit,
2121 3810 2435 3872 amnestia
2497 3810 2668 3871 laesa
2729 3810 2828 3882 sit,
2892 3808 3158 3870 dubium

569 3937 711 3978 esse
756 3937 884 3979 non
944 3928 1181 3999 potest,
1245 3919 1397 4000 quin
1444 3918 1548 3979 hic
1618 3919 1773 3981 civis
1807 3919 2153 3982 adversus
2216 3919 2596 3981 amnestiam
2660 3927 3000 3981 accusatus
3060 3917 3156 3980 sit.

565 4026 778 4088 Possis
824 4028 976 4089 mihi
1029 4027 1317 4090 obiicere
1380 4050 1528 4090 eum
1593 4050 1805 4090 rerum
1872 4039 2025 4092 ante
2092 4039 2378 4091 actarum
2441 4050 2508 4091 re
2572 4048 2723 4090 vera
2789 4037 3163 4090 accusatum

566 4137 829 4198 omnino
878 4155 1006 4199 non
1052 4158 1211 4210 esse,
1264 4139 1381 4199 sed
1429 4159 1576 4200 cum
1625 4140 1795 4201 vitae
1840 4140 2138 4201 examine
2185 4140 2477 4201 instituto
2524 4148 2956 4220 quaereretur,
3011 4157 3163 4199 num

567 4266 830 4308 munere
877 4248 1166 4327 gerendo
1214 4248 1449 4327 dignus
1499 4257 1686 4322 esset,
1757 4258 1888 4311 tres
1933 4248 2230 4324 homines
2293 4250 2355 4311 in
2403 4252 2445 4328 ξ
2495 4262 2575 4327 25
2644 4248 3011 4311 nominatos
3059 4227 3162 4308 ex·

569 4356 803 4418 stitisse
852 4365 1164 4436 negantes
1214 4358 1692 4438 eumfdignum
1741 4379 1899 4430 esse,
1950 4360 2101 4440 quia
2163 4359 2506 4421 anarchiae
2566 4368 2865 4441 tempore
2926 4357 3165 4418 malum

568 4467 778 4536 civem
817 4487 891 4537 se
937 4468 1404 4557 praestitisset·
1475 4468 1607 4535 Sed
1657 4470 1855 4534 etiam
1915 4469 2042 4535 hoc
2087 4479 2312 4534 contra
2358 4469 2745 4534 amnestiam
2803 4467 3163 4552 pugnabat.

3078 0 3121 21 'Y
3150 0 3283 19 “““Ι“ιῖ“
3318 0 3333 13 -
