3459 5050
1803 277 1884 353 76

765 487 838 548 Id
894 495 1369 570 argumentum,
1429 490 1604 568 quod
1669 488 1943 552 Grosser
2002 489 2238 551 deinde
2298 509 2381 550 ex
2429 487 2747 570 exemplis
2794 488 2843 573 ἓ
2879 504 3131 567 21——23

554 597 947 660 enumeratis
993 599 1279 680 petebat,
1334 597 1587 662 Stutzer
1635 621 1697 680 p.
1749 615 1837 674 40
1882 600 2008 661 iam
2054 598 2368 664 refutavit.
2463 599 2534 660 In
2576 601 2621 679 ξ
2672 616 2749 678 33
2803 619 2838 661 e
2888 599 3132 664 verbis:

562 704 704 771 »διὰ
747 708 903 782 τούς
948 706 1019 771 ἐκ
1067 710 1384 792 Πειραιῶς
1430 710 1811 784 κινδύνουςκ
1869 710 1949 773 de
1984 709 2296 772 orationis
2326 717 2622 791 tempore
2657 708 2810 770 nihil
2843 707 3137 771 concludi

551 827 788 900 potest,
840 819 1009 900 quia,
1062 821 1240 901 quod
1273 821 1436 883 inter
1467 821 1725 884 exsules
1769 820 2025 882 fuerant
2068 828 2134 882 et
2166 820 2441 902 patriam
2476 819 2928 892 liberaverant,
2976 839 3137 881 sem-

549 949 667 1011 per
712 929 826 991 illis
874 930 1242 992 hominibus
1292 932 1533 1011 gloriae
1579 941 1645 994 et
1693 931 1833 993 usui
1881 940 2040 1003 erat,
2106 950 2317 1011 neque
2376 929 2539 992 haec
2587 920 2816 992 merita
2878 930 3134 1010 expedi-

549 1038 728 1101 tione
772 1039 1096 1102 Eleusinia
1139 1050 1253 1103 aut
1300 1041 1491 1105 deleri
1542 1053 1652 1103 aut
1701 1042 1968 1104 omnino
2019 1040 2344 1103 obscurari
2390 1050 2709 1122 poterant,
2762 1040 3138 1122 praesertim

546 1169 698 1211 cum
741 1149 903 1212 haec
951 1171 1082 1212 non
1128 1152 1213 1214 ab
1258 1151 1587 1214 exsulibus
1634 1151 1787 1213 solis
1850 1150 2018 1214 facta
2080 1160 2254 1214 esset
2307 1160 2372 1221 et
2431 1150 2635 1215 multo
2695 1151 2963 1213 minoris
3009 1170 3139 1213 mo-

548 1260 747 1322 menti
797 1260 1020 1324 fuisset
1067 1283 1261 1343 quam
1310 1262 1460 1324 illud
1509 1262 1804 1325 exsulum
1854 1262 2092 1324 bellum
2141 1271 2367 1324 contra
2409 1262 2685 1343 patriam
2731 1272 3007 1342 gestum.

760 1371 1056 1454 Denique
1078 1376 1118 1454 ξ
1156 1388 1228 1452 17
1257 1375 1484 1436 verba:
1522 1367 1737 1448 »ὅστις
1761 1369 1885 1457 γὰρ
1908 1370 2059 1437 τότε
2084 1368 2273 1437 οὐδὲν
2295 1370 2654 1457 ἐξήμαρτον
2684 1367 2865 1438 οὕτω
2891 1378 3139 1459 πολλῆς

546 1479 879 1566 δεδομένης
921 1481 1229 1565 ἐξουσίας,
1279 1478 1318 1567 ἦ
1364 1506 1495 1548 που
1540 1492 1664 1549 νῦν
1712 1481 1963 1567 σφόδρα
2010 1483 2606 1567 προθυμηθήσομαι
2651 1482 2933 1568 χρηστὸς
2979 1480 3141 1549 εἶναι

544 1582 617 1654 εὖ
661 1588 864 1671 εἰδώς,
910 1588 1031 1671 ὅτι,
1062 1591 1179 1658 ἐὰν
1210 1592 1430 1668 ἀδικῶ,
1480 1597 1871 1679 παραχρῆμα
1903 1592 2094 1658 δώσω
2139 1593 2360 1678 δίκην(
2402 1614 2532 1656 non
2565 1615 2685 1676 pro
2718 1604 2897 1658 certo
2929 1605 3136 1658 osten-

544 1702 707 1765 dunt
763 1703 957 1785 paulo
1019 1714 1172 1787 post
1218 1706 1684 1788 rempublicam
1751 1705 2113 1768 restitutam
2170 1705 2340 1767 hanc
2401 1725 2664 1781 causam
2709 1715 2925 1768 actam
2973 1717 3147 1781 esse,

549 1832 701 1874 nam
749 1813 822 1888 is,
873 1816 984 1895 qui
1032 1815 1152 1878 hac
1196 1817 1489 1879 oratione
1534 1836 1677 1879 sese
1725 1814 2031 1885 defendit,
2081 1815 2401 1877 iudicibus
2448 1816 2844 1897 persuadere
2890 1817 3022 1881 vult
3067 1839 3137 1881 se

550 1920 1001 2000 magistratum
1048 1933 1337 1986 creatum
1383 1926 1536 1987 nihil
1582 1936 1810 1989 contra
1858 1925 2171 2008 populum
2222 1924 2536 1988 facturum
2587 1946 2730 1989 esse
2778 1936 2845 1989 et
2889 1927 3013 1989 hac
3056 1928 3138 1990 de

544 2050 741 2093 causa
788 2032 869 2094 de
902 2041 1200 2115 tempore
1233 2034 1449 2098 futuro
1482 2037 1781 2118 loquitur,
1830 2037 2020 2099 huius
2054 2045 2271 2102 autem
2304 2037 2395 2100 rei
2442 2047 2900 2117 argumentum
2932 2037 3136 2101 multo

546 2140 775 2203 melius
820 2164 856 2204 e
900 2143 1449 2224 trigintavirorum
1497 2156 1795 2230 tempore
1844 2147 2092 2228 petivit,
2140 2167 2272 2227 quo
2320 2167 2591 2228 peccare
2636 2148 2887 2221 licebat,
2934 2169 3134 2230 quam

544 2269 579 2311 e
611 2260 907 2333 tempore
956 2256 1273 2334 proximo,
1368 2257 1574 2319 Nimis
1617 2259 1732 2319 viri
1800 2259 1998 2335 docti,
2048 2259 2212 2320 inter
2270 2277 2384 2320 eos
2447 2259 2643 2320 etiarn
2704 2259 3130 2339 Frohberger,

518 2362 651 2443 ,qui
700 2362 894 2425 docet
928 2373 1251 2428 oratorem
1302 2367 1703 2449 polliceri
1753 2389 1823 2432 se
1855 2370 2103 2433 bonum
2135 2369 2341 2430 civem
2375 2390 2444 2431 se
2478 2370 2920 2451 praebiturum
2967 2390 3127 2440 esse,

544 2471 967 2554 neglexerunt
1013 2476 1358 2557 particulas
1419 2472 1458 2564 ἦ
1517 2503 1669 2548 που.
1736 2480 1972 2562 quibus
2032 2489 2204 2544 recte
2271 2479 2605 2562 explicatis
2652 2479 2813 2543 haec
2862 2489 2960 2543 est
3005 2479 3131 2543 loci

539 2585 894 2651 sententia:
944 2588 1250 2666 quoniam
1301 2610 1381 2652 ne
1429 2600 1567 2653 tum
1611 2593 1874 2673 quidem
1924 2593 2206 2675 peccavi,
2256 2611 2411 2653 num
2457 2592 2799 2673 quisquam
2855 2591 3126 2664 dubitat,

543 2693 698 2777 quin
747 2694 947 2757 multo
996 2697 1208 2762 minus
1254 2720 1422 2762 nunc
1470 2701 1531 2761 in
1578 2701 1891 2783 populum
1942 2712 2322 2785 peccaturus
2353 2701 2514 2763 sim?

758 2804 1009 2883 Quibus
1058 2809 1368 2888 expositis
1412 2829 1560 2872 cum
1604 2812 2011 2876 manifestum
2054 2815 2140 2876 sit
2187 2812 2430 2876 nullum
2461 2833 2604 2873 esse
2651 2821 3127 2893 argumentum,

543 2934 676 2995 quo
725 2924 977 2979 constet
1022 2916 1190 2979 hanc
1238 2920 1600 2982 orationem
1632 2922 1923 2985 habitam
1958 2945 2118 2998 esse,
2155 2932 2502 3004 antequam
2536 2922 2789 2984 Eleusis
2822 2923 3129 3004 recipere·

539 3032 659 3097 tur,
710 3026 1050 3106 proposito
1099 3037 1321 3090 nostro
1381 3029 1828 3107 satisfecimuS,
1879 3035 1997 3097 sed
2046 3036 2222 3097 iuvat
2267 3033 2721 3115 quaestionem
2765 3033 3125 3095 institutam

538 3133 621 3194 ad
667 3132 863 3196 finem
909 3138 1281 3216 perducere.
1379 3140 1707 3219 Quoniam
1758 3144 1965 3214 nullus
2027 3144 2335 3207 orationis
2399 3143 2579 3205 locus
2627 3142 2911 3204 ostendit
2956 3141 3124 3206 hanc

538 3244 895 3306 orationem
942 3255 1091 3308 ante
1151 3248 1454 3312 Eleusina
1519 3264 1967 3334 recuperatam
2028 3255 2318 3316 habitam
2379 3274 2538 3325 esse,
2606 3253 2856 3315 etiarnsi
2919 3252 3127 3315 nullus

535 3363 705 3415 esset
746 3354 810 3415 in
858 3375 953 3429 ea,
1005 3377 1040 3419 e
1073 3378 1204 3439 quo
1250 3362 1638 3424 contrarium
1672 3374 2034 3446 appareret,
2084 3375 2304 3426 tamen
2338 3364 2526 3426 nobis
2573 3384 2692 3445 pro
2728 3374 2907 3426 certo
2944 3383 3112 3426 nunc

544 3470 823 3525 statuere
869 3464 1017 3527 licet
1064 3478 1213 3548 post
1259 3472 1746 3552 expeditionem
1816 3473 2064 3536 finitam
2126 3494 2272 3536 eam
2337 3472 2628 3536 habitam
2688 3495 2848 3536 esse.
2955 3475 3123 3537 Nam

534 3573 837 3653 quoniam
886 3575 1092 3637 nullus
1137 3577 1318 3641 locus
1365 3591 1483 3655 est,
1539 3584 1644 3663 qui
1694 3584 1804 3656 εἰς,
1861 3603 2029 3662 quae
2095 3585 2176 3646 de
2236 3586 2549 3646 amnestia
2598 3586 2959 3659 docuimuS,
3011 3585 3119 3647 ob·

530 3680 846 3763 loquatur,
895 3706 978 3746 ex
1021 3685 1118 3747 his
1164 3689 1318 3770 ipsis
1365 3711 1689 3754 summum
1738 3703 2195 3775 argumentum
2243 3705 2465 3776 petere
2511 3694 2672 3756 licet.
2772 3696 3116 3759 Amnestia

528 3791 592 3852 in
638 3794 930 3855 oratione
975 3810 1535 3874 commemoratur,
1585 3805 1875 3884 sequitur
1919 3805 2128 3884 igitur,
2185 3814 2256 3867 ut
2298 3804 2525 3866 habita
2555 3805 2715 3868 haec
2743 3808 2826 3869 sit
2875 3816 3024 3889 post
3061 3827 3120 3868 a·

529 3904 871 3965 mnestiam
900 3905 1244 3981 decretam,
1283 3928 1473 3989 quam
1495 3922 1751 3974 constat
1771 3923 1924 3995 post
1952 3915 2437 3997 expeditionem
2461 3915 2856 3979 Eleusiniam
2877 3916 3120 3990 finitam
3191 3992 3196 3997 ⁸

526 4012 853 4076 decretam
887 4035 1046 4078 esse.
1150 4018 1283 4081 Sed
1315 4020 1398 4081 ad
1429 4019 1555 4083 hoc
1589 4041 1787 4082 unum
1823 4032 2275 4104 argumentum
2303 4026 2655 4107 compluria
2690 4048 2772 4090 ex
2820 4027 3120 4089 oratione

522 4122 663 4203 ipsa
709 4125 910 4205 petita
954 4128 1291 4201 accedunt,
1330 4147 1604 4208 quorum
1639 4134 2224 4216 gravissimum‘his
2257 4136 2471 4198 verbis
2516 4137 2880 4226 continetur
2926 4138 2961 4221 ξ
2997 4154 3114 4217 30:

529 4229 630 4296 »οἳ
672 4234 1123 4318 (accusatores)
1188 4247 1311 4302 νῦν
1353 4240 1786 4324 δημοκρατίας
1846 4240 2042 4328 οὔσης
2103 4241 2314 4310 ταύτὰ
2382 4243 2649 4323 ἐκείνοις
2726 4248 3114 4334 πράττουσι,

520 4343 628 4406 καὶ
673 4342 920 4427 ταχέως
977 4346 1096 4428 μὲν
1160 4345 1231 4412 ἐκ
1292 4350 1598 4433 πενήτων
1660 4352 1961 4417 πλούσιοι
2035 4354 2428 4439 γεγένηνται,
2499 4357 2754 4434 πολλὰς
2798 4361 2865 4425 δὲ
2911 4357 3117 4444 ἀρχὰς

522 4445 831 4538 ἄρχοντες
878 4452 1172 4541 οὐδεμιᾶς
1218 4455 1512 4546 εὐθύνην
1559 4461 1861 4564 διδόασιν,
1914 4460 2059 4529 ἀλλ’
2103 4462 2252 4532 ἀντὶ
2298 4467 2416 4552 μὲν
2462 4463 2763 4553 ὁμονοίας
2822 4466 3120 4555 ὑποψίαν
