3459 5050
1533 256 1604 357 7⁸1

272 503 373 557 est
427 492 664 578 »δήμου
706 492 1125 567 καταλύσεως
1156 487 1538 574 ἀπολογίαι,
1591 512 1787 572 quam
1820 491 2036 573 potius
2070 491 2134 552 in
2167 490 2661 571 magistratuum
2714 509 2858 572 pro-

272 605 557 679 batione,
607 626 773 688 quae
820 604 1154 687 δοκιμασία
1201 603 1380 687 apud
1425 603 1860 666 Athenienses
1907 603 2279 676 vocabatur,
2331 602 2394 663 in
2444 601 2861 664 heliastarum

273 716 513 779 iudicio
583 717 946 779 orationem
1005 714 1435 778 defensoriam
1495 713 1790 776 habitam
1852 733 1993 776 esse
2038 713 2239 775 Meier
2287 713 2495 796 (›Att.
2555 712 2859 773 Process‹

275 846 340 906 Ρ.
377 828 532 909 208)
580 826 859 889 coniecit
904 838 970 888 et
1011 825 1375 909 complures
1410 824 1741 887 orationis
1768 824 1892 886 loci
1923 822 2190 904 planum
2223 822 2464 884 faciunt
2493 830 2691 903 atque
2723 839 2864 902 pro·

272 937 451 1010 bant,
501 938 620 1019 qui⁴
657 937 827 999 allati
875 937 1280 998 inveniuntur
1331 934 1876 1019 apud-Blassium
1922 934 1957 997 l.
2000 932 2048 1000 l.
2091 933 2121 994 Ι
2168 954 2228 1015 p.
2274 935 2414 1010 508,
2464 928 2864 1012 Frohberge'-

275 1068 416 1109 rum
461 1048 610 1128 LyS.
661 1067 749 1109 or.
799 1047 908 1109 sel.
958 1047 1057 1112 ed.
1108 1046 1255 1107 mai.
1307 1045 1332 1105 1
1381 1067 1443 1127 p.
1505 1056 1646 1124 175,
1698 1046 1801 1111 ed.
1846 1045 1993 1108 min.
2042 1067 2102 1128 p.
2164 1045 2302 1122 138,
2353 1041 2529 1104 alios.

489 1158 873 1237 Priusquam
919 1176 1074 1220 vero
1117 1155 1200 1218 ad
1247 1155 1562 1216 orationis
1607 1163 2065 1234 argumentum
2122 1130 2563 1227 transeamuss
2603 1151 2867 1233 quando

273 1266 499 1330 habita
541 1268 641 1340 sit,
693 1259 1150 1347 quaerendum.
1178 1267 1388 1328 nobis.
1417 1274 1534 1338 est,
1591 1266 1672 1326 de
1722 1285 1856 1345 qua
1902 1265 2285 1346 quaestione
2328 1263 2515 1326 valde
2577 1262 2740 1324 inter
2794 1281 2867 1322 se

279 1374 579 1436 differunt
619 1374 736 1435 viri
781 1375 955 1437 docti
1002 1377 1412 1440 recentiores.
1512 1375 1678 1438 Cum
1724 1375 1850 1437 hoc
1895 1375 2159 1456 quidem
2207 1376 2369 1436 inter
2400 1354 2710 1456 plurimos
2755 1370 2867 1432 diu

278 1485 637 1547 constiterit
682 1494 747 1546 et
792 1486 1159 1548 etiamnunc
1208 1496 1467 1550 constet
1514 1496 1667 1570 post
1696 1485 2002 1549 Eleusina
2033 1492 2482 1568 recuperatam
2528 1481 2695 1545 hanc
2726 1500 2866 1543 cau·

278 1615 420 1658 sam
480 1607 692 1659 actam
755 1616 912 1671 esse,
964 1595 1237 1659 Grosser
1284 1598 1319 1659 l.
1373 1597 1409 1659 l.
1458 1618 1517 1677 p.
1574 1616 1651 1678 23
1702 1618 1797 1678 sq.
1849 1607 1915 1659 et
1973 1596 2259 1679 pluribus
2320 1595 2535 1657 verbis
2597 1593 2661 1654 in
2719 1611 2864 1654 ann.

279 1705 386 1789 ph.
431 1716 496 1768 et
539 1726 601 1785 p.
654 1705 753 1777 Ic,
799 1709 1138 1787 198—207
1184 1718 1251 1770 et
1284 1720 1412 1786 455
1468 1730 1562 1790 sq.
1601 1709 2046 1770 demonstrare
2091 1715 2360 1769 conatus
2405 1713 2510 1767 est·
2548 1720 2695 1765 eam
2740 1701 2869 1764 iam

281 1824 490 1905 anteam
521 1825 736 1879 actam
785 1837 944 1882 esse.
1039 1817 1257 1897 Quam
1306 1819 1696 1881 sententiam
1745 1818 1997 1900 accepit
2042 1817 2125 1890 is,
2191 1816 2304 1896 qui
2357 1814 2539 1896 (›litt.
2589 1810 2866 1874 Zentral-

278 1926 518 1999 blatt‹,
578 1929 774 2007 1869,
825 1928 932 1993 Nr.
981 1944 1091 2009 47,
1138 1950 1202 2009 p.
1264 1928 1408 2011 136)
1454 1928 1684 1990 Blassii
1732 1928 1769 1990 1.
1818 1927 1856 1988 1.
1908 1937 2161 1990 tomum
2208 1926 2489 2008 primum
2531 1922 2864 1995 recensuit,

286 2036 396 2117 qui
441 2035 660 2099 litteris
705 2032 777 2100 ἓλ
818 2057 1056 2100 nomen
1099 2058 1290 2099 suum
1324 2037 1572 2112 celavit,
1626 2047 1692 2100 et
1727 2038 2056 2120 accepisse
2086 2037 2339 2098 videtur
2369 2033 2864 2106 Rauchenstein,

283 2145 436 2226 LyS.
470 2166 562 2208 or.
611 2147 718 2210 sel.
773 2148 922 2213 edit.
969 2157 1156 2231 sept,
1203 2169 1264 2230 p.
1328 2164 1467 2225 104,
1522 2168 1721 2228 quam
1768 2147 1895 2210 hoc
1937 2167 2107 2210 anno
2162 2144 2568 2228 impugnavit
2615 2141 2870 2206 Stutzer

280 2256 343 2317 in
384 2257 700 2321 ›Herme‹
731 2258 858 2321 XV
880 2279 942 2340 p.
975 2272 1255 2342 35—40,
1309 2278 1504 2339 quem
1548 2267 1813 2321 secutus
1840 2257 2016 2320 Fuhr
2047 2257 2222 2340 apud
2252 2254 2866 2320 Rauchensteinium

277 2366 315 2428 l.
366 2367 405 2432 l.
454 2369 873 2431 vetustiorem
919 2369 1304 2432 sententiam
1351 2369 1644 2431 restituit.
2516 2426 2521 2433 .

494 2478 660 2542 Sunt
708 2479 1068 2563 complures
1118 2480 1427 2543 orationis
1475 2479 1618 2554 loci,
1697 2498 1865 2560 quos
1913 2479 2076 2542 inter
2145 2497 2374 2539 omnes
2415 2477 2589 2538 viros
2637 2474 2869 2539 doctos

279 2598 538 2652 constat
582 2591 924 2653 ostendere
969 2593 1369 2665 amnestiam,
1419 2599 1774 2670 antequam
1832 2588 1995 2652 hae'c
2064 2589 2272 2651 oratio
2334 2587 2694 2659 haberetur,
2760 2586 2870 2647 de-

279 2709 527 2763 cretam
574 2722 716 2764 esse
765 2711 828 2763 et
859 2703 944 2764 ab
973 2711 1230 2764 oratore
1274 2687 1642 2772 monstrari,
1691 2702 1800 2784 qui
1850 2700 1971 2762 loci
2018 2709 2166 2762 sunt
2208 2698 2381 2764 hice:
2428 2700 2469 2777 §
2505 2714 2621 2776 23:
2679 2690 2865 2759 »οἵτι-

276 2834 385 2886 νες
415 2804 710 2894 ὁμονοεῖν
741 2806 904 2895 ὑμᾶς
935 2810 1319 2894 βουλόμενοι
1348 2824 1484 2886 τοῖς
1510 2805 1729 2896 ὅρκοις
1761 2811 1869 2875 καὶ
1903 2822 2046 2885 ταῖς
2071 2809 2434 2891 συνθήκαις
2461 2805 2860 2890 ἐμμένουσα,

279 2922 313 3005 ξ
362 2924 475 2984 28:
535 2921 1059 2985 »διεκελεύσαντο
1103 2933 1240 2996 τοῖς
1288 2916 1506 3004 ὅρκοις
1536 2922 1644 2985 καὶ
1689 2934 1833 2996 ταῖς
1881 2919 2246 3003 συνθήκαις
2278 2916 2631 3001 ἐμμένεινι,
2666 2919 2706 2997 ἓ
2745 2933 2862 2995 34:

285 3030 490 3113 »πρὸς
535 3030 792 3105 πάντας
839 3026 1002 3113 ὑμᾶς
1048 3029 1204 3106 τοὺς
1249 3033 1524 3106 πολίτας
1566 3043 1710 3106 ταῖς
1759 3031 2123 3114 συνθήκαις
2168 3030 2277 3093 καὶ
2322 3041 2458 3103 τοῖς
2504 3022 2724 3112 ὅρκοις
2768 3024 2863 3109 ἐμ-

276 3141 554 3224 μένεινι.
652 3142 907 3221 Quibus
956 3162 991 3202 e
1037 3141 1194 3204 locis
1243 3143 1396 3226 quia
1442 3141 1698 3205 eluceat
1743 3142 2130 3204 amnestiam
2177 3140 2264 3203 ab
2307 3147 2565 3201 oratore
2611 3137 2862 3219 respici,

281 3251 572 3327 Grosser,
622 3254 674 3315 si
723 3261 897 3315 recte
945 3254 1482 3316 demonstraverit
1542 3253 1904 3316 orationem
1948 3252 2240 3315 habitam
2298 3270 2456 3324 esse,
2517 3257 2866 3330 antequam

279 3362 532 3425 Eleusis
594 3372 959 3446 caperetur,
1023 3384 1196 3426 novo
1264 3373 1647 3445 argumento
1695 3384 1790 3438 ea,
1861 3382 2029 3443 quae
2085 3362 2168 3424 de
2223 3360 2552 3424 amnestiis
2614 3359 2867 3446 duabus

281 3475 537 3547 doceat,
586 3474 938 3536 firmavisse
997 3474 1121 3535 sibi
1180 3475 1448 3548 videtur,
1511 3484 1705 3554 atque
1768 3483 1942 3536 recte
1999 3473 2345 3544 videretur,
2410 3470 2460 3532 si
2523 3478 2868 3549 utrumque

259 3594 457 3661 *recte
511 3585 856 3648 statuisset.
952 3584 1084 3647 Sed
1144 3594 1601 3665 praeterquam
1670 3587 1850 3668 quod
1908 3584 2036 3648 hoc
2103 3590 2564 3663 argumentum
2609 3578 2869 3643 Stutzer

282 3696 713 3775 impugnavit,
762 3696 960 3758 etiam
1011 3696 1093 3757 de
1141 3694 1246 3756 illo
1295 3693 1597 3756 omnibus
1643 3692 1795 3754 viris
1843 3692 2052 3755 doctis
2101 3693 2315 3754 adhuc
2359 3691 2642 3773 probato
2688 3689 2865 3752 dubi-

278 3807 401 3869 tari
448 3806 613 3868 licet.
707 3807 954 3868 Eorum
999 3806 1320 3868 sententia
1365 3803 1569 3865 tribus
1617 3802 1774 3865 locis
1820 3803 2096 3885 laudatis
2158 3803 2478 3865 amnestia
2527 3801 2863 3874 indicatur,

279 3897 437 3995 quia
481 3925 698 3978 orator
745 3917 1010 3978 adhibet
1055 3916 1254 3977 verba
1309 3912 1405 3978 »οἱ
1447 3909 1632 3996 ὅρκοι
1677 3914 1787 3977 καὶ
1834 3911 1900 3977 αἱ
1948 3916 2338 3996 συνθῆκαιι.
2441 3910 2571 3973 Sed
2618 3910 2866 3973 collatis

279 4026 396 4098 eiS,
438 4046 609 4107 *quae
655 4047 846 4110 supra
895 4027 957 4110 (ξ
987 4027 1051 4108 9)
1100 4026 1393 4107 exposui,
1445 4034 1713 4108 propter
1758 4023 1874 4086 has
1919 4022 2088 4084 solas
2120 4042 2314 4084 voces
2363 4021 2694 4084 diiudicari
2738 4039 2887 4082 non-

280 4144 520 4220 potest,
571 4145 784 4199 utrum
832 4133 1213 4198 amnestiam
1259 4144 1515 4217 spectet
1560 4142 1787 4196 orator
1832 4154 1914 4196 an
1964 4152 2197 4215 pacem
2238 4131 2557 4193 Pausania
2600 4139 2871 4193 auctore

280 4246 779 4318 reconciliatam,
844 4267 994 4308 nam
1056 4245 1220 4307 hanc
1279 4265 1559 4327 quoque,
1625 4252 1697 4305 ut
1755 4262 1951 4322 supra
1996 4244 2063 4325 (ξ
2118 4243 2218 4325 12)
2264 4240 2867 4315 demonstravimuS,

283 4356 723 4438 compositam
799 4365 866 4418 et
949 4354 1361 4418 iureiurando
1437 4363 1730 4416 sanctam
1807 4372 1948 4414 esse
2023 4345 2286 4434 oportet
2313 4399 2326 4425 ,
2409 4352 2636 4431 itaque
2711 4351 2870 4414 haec

292 4485 556 4546 quoque
610 4462 706 4529 »οἱ
738 4459 918 4549 ὅρκοι
964 4467 1073 4529 καὶ
1118 4462 1184 4528 αἱ
1217 4468 1582 4550 συνθῆκαι(
1632 4464 1855 4526 vocari
1884 4463 2100 4545 potuit
2121 4463 2469 4545 praecipue
2515 4471 2678 4542 tum,
2722 4481 2871 4524 cum
