3459 5050
1551 367 1626 433 25

1380 444 1515 452 —ae—

293 563 425 626 sere
468 564 861 646 posteriores
893 564 1185 630 hausisse
1219 567 1538 641 videntur,
1590 569 1675 630 ad
1708 568 2045 650 Ephorum
2081 569 2227 632 dico
2260 578 2327 631 et
2359 566 2889 652 Theopompum.

295 695 442 736 nam
486 675 613 736 hoc
656 674 866 738 solum
906 696 1030 756 pro
1077 686 1257 739 certo
1306 677 1646 741 habuerim
1706 678 2147 760 Xenophonti,
2214 679 2468 762 Lysiae,
2541 679 2888 752 Andocidi,

292 786 555 848 Isocrati
622 783 749 848 lxoc
807 787 1080 849 verbum
1141 789 1433 850 nondum
1496 797 1723 851 notum
1791 788 1983 850 fuisse
2060 798 2127 850 et
2187 788 2530 859 Aeschinis
2594 800 2932 872 tempore.

292 916 531 959 nomen
586 894 710 980 »μὴ
741 910 1197 979 μνησικακεῑνι
1251 897 1314 959 in
1363 919 1480 960 usu
1528 882 1741 960 fuisse.
1840 896 2238 961 Crediderim
2282 899 2364 961 ab
2397 898 2669 979 Ephoro
2717 901 2890 983 (con-

285 1006 453 1070 feras
486 1026 579 1079 ea,
615 1000 796 1088 quae
832 1006 1103 1090 exponit
1171 1009 1246 1074 E.
1287 1009 1369 1070 de
1415 1008 1699 1071 Leutsch
1759 1009 1823 1069 in
1878 1006 2110 1075 ›PhiL‹
2165 1006 2384 1072 XXIV
2447 1031 2507 1092 p.
2561 1011 2718 1092 453)
2780 1019 2893 1072 aut

283 1119 728 1201 Theopompo
775 1126 888 1180 aut
937 1127 1112 1180 certe
1171 1119 1489 1201 scriptore
1550 1139 1678 1181 non
1744 1120 1948 1181 multo
2007 1121 2368 1201 posteriore
2430 1120 2559 1181 hoc
2617 1120 2889 1183 verbum

287 1229 370 1292 de
413 1228 542 1291 hoc
592 1248 721 1291 uno
767 1229 1273 1292 Atheniensium
1322 1229 1494 1293 facto
1545 1244 1926 1310 usurpatum
1975 1249 2114 1292 esse
2162 1240 2228 1293 et
2273 1230 2440 1293 hanc
2489 1232 2887 1293 sententiam

286 1338 678 1418 aliquamdiu
729 1339 1083 1413 retinuisse,
1136 1359 1265 1420 quo
1327 1339 1571 1403 factum
1632 1350 1751 1413 est,
1813 1349 1883 1402 ut
1949 1350 2100 1403 ante
2133 1341 2487 1403 *Valerium
2533 1360 2889 1423 numquam

287 1450 658 1522 inveniatur,
725 1450 875 1528 quia
934 1462 1194 1513 nostrae
1250 1451 1340 1512 rei
1389 1450 1634 1514 mentio
1694 1471 1822 1512 non
1884 1462 1983 1513 est
2045 1461 2317 1521 servata,
2393 1472 2524 1514 uno
2586 1432 2908 1533 Dionysii*

287 1559 433 1622 loco
481 1580 563 1622 ex
607 1561 1005 1624 orationibus
1051 1560 1321 1624 fortasse
1367 1560 1600 1624 hausto
1649 1571 1949 1644 except0‚
2015 1573 2245 1641 postea
2307 1564 2572 1625 demum
2640 1540 2723 1624 a'd
2787 1581 2888 1624 res

284 1672 524 1734 similes
567 1672 952 1735 translatum
996 1692 1257 1735 sensum
1319 1672 1786 1752 generaliorem
1833 1674 2181 1752 accepisse,
2249 1681 2319 1735 ut
2378 1673 2552 1734 idem
2608 1671 2890 1735 fere'sit
3295 1744 3296 1749 ἵ
3367 1744 3368 1749 1

287 1792 488 1864 atque
516 1774 815 1846 ἰἆὸεειαιι
1620 1862 1625 1869 ³
3055 1862 3056 1865 Ἴ
3213 1782 3214 1785 '
3359 1788 3444 1875 f]

506 1892 685 1956 Haec
735 1892 898 1954 illius
947 1892 1096 1955 facti
1143 1902 1290 1957 sunt
1336 1894 1617 1967 nomina,
1670 1913 1771 1954 res
1816 1893 2010 1955 etiarn
2044 1892 2182 1954 aliis
2212 1892 2426 1954 verbis
2470 1882 2885 1972 significatur,
3043 1896 3048 1901 ’
3317 1894 3320 1903 ’

288 1980 599 2084 imprimis
646 2003 856 2065 verbis
912 1996 1130 2087 »ὅρκοι
1189 2004 1297 2067 καὶ
1360 2006 1751 2089 συνθῆκαιι,
1819 2005 1901 2065 de
1963 2003 2201 2084 quibus
2260 2002 2387 2064 iam
2451 2002 2886 2076 disseruimuS,

293 2114 613 2176 interdum
660 2114 863 2177 verbo
919 2106 1167 2207 »ἅδειᾳι
1221 2125 1287 2177 et
1332 2114 1534 2176 verbo
1591 2112 2034 2197 »συγγνώμηι.

3395 2555 3410 2566 ‘u
3407 2300 3410 2309 -

3417 2527 3446 2556 §r
3413 2428 3440 2445 ΞΑ
3443 2336 3444 2345 o
3415 2222 3444 2265 ’ᾗ

3427 2633 3446 2698 '4ss
