3459 5050
1822 275 1913 339 86

1658 367 1790 376 —-.--

577 481 998 567 ἐξαλείφεινι.
1106 486 1237 549 Sed
1299 488 1446 551 licet
1503 490 1743 552 oratori
1805 490 1975 552 hanc
2033 487 2418 551 sententiam
2486 486 2860 553 continuare
2925 485 3163 552 verbo:

586 590 1041 679 ›copyigwfiem

789 705 1019 788 Itaque
1063 707 1343 790 populus
1389 709 1526 793 ipse
1571 709 1737 772 haec
1782 710 2055 773 moleste
2101 709 2244 772 tulit
2288 719 2353 774 et
2396 702 2785 773 amnestiam
2834 702 3167 770 decretam

573 814 744 878 stare
808 817 1012 879 voluit
1070 826 1135 880 et
1187 819 1428 881 servari
1489 828 1553 882 et
1600 821 1753 903 ipse'
1807 820 2099 901 religiose
2159 821 2478 894 servavit,
2542 820 2607 882 id
2654 820 2832 900 quod
2880 818 3168 881 maxime

576 924 854 989 Philonis
898 929 1203 1011 exemplo
1247 930 1608 993 ostenditur
1652 929 1777 992 hac
1810 930 2039 992 eadem
2088 931 2381 993 oratione
2429 912 2470 1011 ξ
2519 945 2598 992 22
2648 929 2906 1003 tradito.
2983 926 3169 989 Philo

578 1033 772 1098 falsae
833 1037 1175 1118 legationis
1233 1049 1609 1114 accusatuS‚
1676 1059 2079 1122 quamquam
2144 1041 2229 1102 ab
2289 1039 2698 1102 accusatione
2754 1039 2900 1121 ipsa
2947 1056 3017 1099 se
3062 1037 3169 1098 de-

575 1145 838 1208 fendere
870 1167 1001 1210 non
1032 1134 1351 1230 potuerat,
1402 1160 1672 1233 propter
1714 1151 1918 1213 solam
1951 1128 2336 1213 amnestiam
2381 1149 2691 1212 liberatus
2738 1158 2892 1211 erat.
2975 1147 3167 1211 Tanti

576 1255 820 1319 iudices
889 1260 1269 1322 amnestiam
1337 1259 1719 1325 habuerunt.
1816 1260 2041 1344 Atque
2089 1261 2287 1323 etiam
2324 1260 2459 1323 -hac
2507 1259 2799 1322 oratione
2857 1259 3167 1320 docemur

577 1386 720 1429 raro
788 1370 1232 1432 accusationes
1301 1371 1610 1433 adversus
1676 1372 2058 1434 amnestiam
2130 1370 2454 1434 institutas
2527 1389 2698 1443 esse,
2761 1388 2911 1430 nam
2982 1371 3023 1448 ξ
3089 1383 3167 1444 23

576 1477 792 1540 laudat
853 1488 1072 1543 orator
1137 1479 1620 1562 Thrasybulum
1683 1490 1750 1544 et
1795 1483 2120 1561 Anytum‚
2177 1482 2320 1565 qui,
2374 1499 2773 1564 quamquam
2822 1478 3173 1558 plurimum

581 1589 643 1650 in
688 1589 949 1651 civitate
991 1590 1246 1653 valeant
1307 1601 1372 1653 et
1438 1591 1672 1654 multas
1734 1593 1991 1655 iniurias
2035 1592 2437 1676 acceperint,
2503 1601 2723 1653 tamen
2786 1590 3171 1652 amnestiam

581 1699 767 1761 veriti
835 1719 962 1761 non
1039 1700 1488 1776 ulciscantur,·
1544 1720 1766 1784 neque
1856 1722 1986 1764 non
2057 1703 2138 1764 de
2213 1702 2517 1764 omnibus
2596 1700 2913 1762 iudicibus
2999 1699 3173 1760 idem

578 1810 950 1890 praedicare
1013 1821 1265 1893 potest,
1329 1814 1362 1896 ξ
1427 1829 1540 1888 24:
1622 1808 1805 1876 »ἀλλ’
1872 1807 2010 1876 οὐδ’
2077 1807 2261 1894 ’ὑμῶν
2331 1807 2537 1885 οὐδεὶς
2607 1809 2920 1894 τοιαύτην
2987 1809 3175 1892 δίκην

577 1917 896 1983 εἰσελθεῖν
964 1916 1423 2006 τετόλμηκεν<<,
1499 1924 1651 2007 quin
1717 1925 1913 1987 etiam
1974 1923 2036 1985 in
2086 1924 2119 2006 ξ
2186 1926 2266 2000 38
2339 1922 2523 1984 dicit:
2607 1919 2888 1994 »πάντες
2949 1943 3009 1984 οι
3064 1941 3173 1982 κα·

578 2027 932 2104 τελθόντες
990 2027 1061 2094 ἐκ
1109 2032 1461 2116 Πειραιέως
1508 2030 1712 2115 ἔχοιεν
1772 2029 1856 2098 ἄν
1918 2033 2076 2108 τοὺς
2137 2029 2377 2107 αὐτοὺς
2438 2030 2671 2113 λόγους
2731 2030 2967 2104 εἰπεῖν,
3033 2019 3173 2093 ου’σ-

579 2162 705 2223 περ
767 2131 959 2215 οὗτος
979 2189 993 2214 ,
1062 2131 1159 2205 ὧν
1222 2137 1429 2217 οὐδεὶς
1487 2137 1684 2218 ἄλλος
1749 2143 2102 2227 τετόλμηκε
2163 2142 2476 2226 τοιαύτην
2535 2142 2719 2224 δίκην
2788 2139 3171 2204 εἰσελθεῖνι.

577 2250 718 2313 Etsi
790 2271 919 2313 non
989 2251 1137 2315 licet
1207 2273 1289 2314 ex
1356 2253 1454 2314 his
1528 2252 1683 2315 locis
1757 2254 2002 2327 allatiS,
2082 2254 2315 2335 quibus
2394 2261 2718 2315 oratorem
2795 2271 3018 2313 causas
3088 2249 3173 2311 ad

576 2362 749 2422 vitae
797 2381 1090 2436 examen,
1140 2362 1555 2445 δοκιμασίαν,
1616 2363 2013 2445 pertinentes
2078 2363 2426 2443 neglegere
2489 2372 2788 2444 apertum
2853 2369 2982 2434 est,
3052 2380 3173 2442 pro

579 2480 757 2534 certo
805 2471 1108 2555 colligere
1154 2472 1387 2537 nullam
1436 2474 1756 2536 eiusmodi
1801 2472 1991 2537 aliam
2039 2473 2516 2536 accusationem
2566 2492 2682 2557 per
2713 2480 3023 2554 quattuor
3069 2469 3171 2532 vel

577 2583 863 2666 quinque
907 2601 1111 2645 annos
1156 2585 1538 2647 amnestiam
1583 2593 1929 2665 sequentes
1977 2603 2288 2665 umquam
2337 2592 2551 2646 actam
2593 2604 2753 2656 esse,
2820 2592 3040 2645 tamen
3103 2580 3167 2642 id

578 2701 753 2755 certe
798 2692 1004 2755 elucet
1047 2694 1251 2756 multo
1300 2694 1509 2775 magis
1556 2695 1676 2757 hac
1724 2695 2014 2756 oratione
2061 2693 2298 2756 firmari
2375 2713 2571 2778 quam
2634 2691 2892 2756 refutari
2956 2692 3167 2755 Xeno-

577 2802 843 2882 phontis
887 2803 1117 2869 verba:
1176 2805 1320 2867 »καὶ
1366 2816 1503 2879 τοῖς
1536 2798 1752 2889 ὅρκοις
1783 2802 2030 2887 ἐμμένει
2077 2798 2113 2868 ὁ
2159 2804 2416 2890 ὁῆμοςς.
2490 2805 2694 2865 Recte
2727 2801 2918 2885 igitur
2951 2812 3172 2864 orator

578 2914 613 2997 ξ
659 2914 747 2991 46
793 2912 1229 2976 Athenienses
1272 2913 1493 2977 laudat
1540 2916 1755 2978 verbis
1811 2935 2007 2998 supra
2071 2916 2134 2999 (ξ
2184 2920 2293 2996 25)
2353 2914 2579 2984 allatis
2642 2914 2724 2975 ad
2786 2934 2956 2996 quae
3013 2911 3167 2975 addi

580 3032 852 3106 possunt
897 3023 1061 3086 haec
1105 3046 1141 3087 e
1190 3025 1223 3108 ἓ
1274 3041 1346 3103 31
1403 3027 1637 3108 petita:
1696 3031 2000 3091 »πολλῶν
2059 3026 2167 3090 καὶ
2221 3028 2444 3089 καλῶν
2505 3036 2642 3098 τοῖς
2704 3022 3054 3136 προγόνοις
3098 3021 3171 3085 ἐν

578 3136 678 3215 τῷ
717 3133 981 3218 πολεμῳ
1025 3136 1504 3219 πεπραγμένων
1549 3133 1667 3218 οὐχ
1711 3129 1947 3221 ἥκιστα
1993 3132 2033 3220 ἦ
2076 3135 2268 3210 πόλις
2311 3134 2384 3200 εκ
2431 3135 2694 3200 τούτων
2735 3140 2873 3199 τῶν
2917 3133 3167 3198 διαλλα·

580 3250 715 3327 γῶν
759 3240 1236 3329 εὐδοκίμησεν(

794 3355 829 3438 ξ
877 3370 976 3432 3ο.
1074 3356 1460 3418 Accuratius
1506 3377 1698 3441 quam
1748 3338 1830 3419 de
1878 3357 2178 3420 omnibus
2211 3357 2439 3420 ceteris
2484 3356 2690 3419 causis
2724 3345 3018 3418 instructi
3067 3376 3164 3417 su·

582 3484 722 3526 mus
785 3465 867 3528 de
924 3486 1017 3537 ea,
1080 3487 1247 3552 quae
1310 3487 1480 3529 anno
1546 3482 1673 3546 399
1737 3475 1963 3529 contra
2008 3467 2614 3530 Andocidem'acta
2662 3474 2779 3539 est,
2841 3465 2989 3545 quia
3037 3453 3193 3526 non

582 3573 794 3634 solum
839 3595 916 3636 ea
963 3575 1170 3638 oratio
1203 3586 1455 3639 servata
1500 3586 1615 3651 est,
1664 3599 1794 3662 qua
1825 3577 2203 3640 Andocides
2232 3595 2303 3639 se
2346 3575 2649 3668 defendit
2701 3594 2870 3657 quae
2903 3584 2998 3637 est
3031 3574 3169 3637 eius

583 3683 787 3746 oratio
833 3684 1042 3766 prima
1096 3686 1282 3769 »περὶ
1328 3694 1465 3751 τῶν
1507 3689 1945 3772 αυστηρίωνι,
1994 3688 2109 3750 sed
2167 3688 2362 3750 etiam
2420 3687 2604 3748 unius
2651 3707 2687 3749 e
2734 3686 2938 3747 tribus
2983 3705 3169 3746 accu-

583 3793 903 3856 satoribus
945 3796 1172 3870 oratio,
1223 3817 1389 3878 quae
1433 3800 1555 3860 sub
1600 3798 1834 3879 Lysiae
1881 3800 2142 3861 nomine
2189 3795 2388 3859 fertur
2437 3798 2643 3860 oratio
2709 3805 2914 3869 sexta,
2966 3815 3170 3879 quam

583 3902 817 3984 Lysiae
866 3899 994 3967 non
1043 3926 1183 3968 esse
1231 3905 1357 3970 iam
1406 3908 1650 3970 dudum
1700 3909 1863 3971 inter
1909 3910 2077 3970 viros
2126 3908 2354 3970 doctos
2402 3917 2675 3981 constat,
2729 3927 2896 3990 quae
2943 3915 3183 3998 tamen,

584 4033 651 4075 re
695 4009 849 4076 vera
893 4011 1113 4078 habita
1160 4026 1271 4079 e'st.
1369 4018 1750 4081 Andocides
1795 4039 1964 4080 anno
2010 4031 2134 4097 415
2187 4017 2470 4080 criminis
2502 4018 2871 4080 hermarum
2920 4015 3164 4078 mutila-

584 4133 797 4186 torum
846 4125 1168 4209 particeps
1216 4127 1444 4201 fuerat,
1493 4148 1662 4202 nam,
1730 4147 2127 4209 quamquam
2187 4128 2323 4209 ipse
2385 4148 2455 4189 se
2503 4127 2912 4190 innocentem
2973 4124 3171 4188 fuisse

585 4235 1034 4299 demonstrare
1081 4246 1365 4311 conatur,
1416 4238 1496 4301 de
1544 4240 1681 4301 eius
1727 4238 1916 4320 eulpa
1963 4239 2236 4300 dubitari
2283 4237 2393 4299 vix
2439 4247 2675 4320 potest,
2741 4257 3013 4318 eamque
3081 4237 3170 4299 ob

590 4364 726 4406 rem
796 4344 1019 4408 atimia
1078 4356 1337 4414 notatus
1397 4350 1671 4430 patriam
1734 4348 2094 4430 reliquerat.
2187 4347 2388 4410 Anno
2451 4357 2668 4411 autem
2729 4362 2856 4422 402
2908 4347 3172 4409 ineunte

586 4454 880 4517 Athenas
940 4465 1290 4520 reverterat
1344 4468 1410 4521 et
1475 4460 1776 4524 omnibus
1835 4459 1990 4520 civis
2049 4458 2290 4522 iuribus
2351 4456 2607 4521 functus
2674 4465 2828 4528 erat,
2880 4457 2945 4518 id
2993 4455 3173 4538 quod
