3459 5050
1393 1338 1913 1447 Praefatio

556 1552 596 1629 ξ
655 1566 704 1609 1.
802 1547 1157 1628 Quomodo
1205 1545 1375 1608 bello
1422 1546 1981 1628 Peloponnesiaco
2043 1546 2225 1609 finito
2273 1548 2711 1611 Athenienses
2759 1569 2797 1610 a
2843 1549 2947 1611 tri-

344 1660 525 1740 ginta
557 1660 847 1740 tyrannis
881 1679 964 1720 ex
996 1659 1153 1719 urbe
1189 1656 1439 1735 expulsi
1472 1657 1750 1734 patriam
1784 1659 2304 1737 recuperaverint
2336 1668 2401 1720 et
2450 1679 2585 1721 rem
2605 1659 2944 1742 publicam

349 1770 565 1831 denuo
594 1769 1003 1833 instituerint,
1033 1767 1325 1828 oratione
1349 1767 1658 1828 continua
1690 1769 1994 1848 quamvis¹
2011 1768 2297 1831 breviter
2333 1779 2552 1831 narrat
2576 1768 2948 1848 Xenophon

343 1881 468 1941 sub
532 1878 729 1940 finem
795 1879 1056 1940 alterius
1115 1876 1579 1939 hellenicorum
1643 1877 1786 1938 libri
1832 1886 2030 1958 atque
2095 1879 2290 1940 etiam
2350 1880 2608 1943 brevius
2662 1879 2950 1960 Justinus

347 1990 437 2072 (V
507 1980 625 2072 Ιο)Ι
671 2001 736 2051 et
797 1988 1133 2051 Cornelius
1187 1988 1408 2069 Nepos
1473 1987 1624 2070 (vita
1668 1987 1895 2049 ThraS.
1954 1989 2020 2070 3)
2068 1997 2134 2049 et
2178 1988 2558 2051 brevissime
2619 1988 2949 2051 Diodorus

346 2100 522 2180 (XIV
586 2115 686 2177 33,
749 2100 838 2182 6).
933 2100 1285 2160 Praeterea
1364 2097 1726 2179 permultae
1796 2097 2090 2179 singulae
2170 2120 2273 2161 res
2357 2107 2952 2162 commemorantur

346 2211 522 2289 apud
555 2209 835 2290 Lysiam,
873 2208 1308 2281 Andocidem,
1344 2207 1714 2281 Isocratem,
1754 2208 1929 2281 alios,
1980 2208 2216 2290 quibus
2246 2210 2706 2289 Xenophontis
2739 2229 2946 2272 narra-

343 2321 591 2382 tionem
640 2319 901 2402 explere
955 2338 1324 2401 possumuS,
1398 2318 1513 2380 sed
1578 2319 1631 2380 si
1694 2318 2149 2401 Xenophontis
2211 2318 2525 2381 hellenica
2588 2328 2653 2381 et
2717 2319 2948 2400 Justini

345 2431 650 2493 historiae
691 2431 1010 2503 deessent,
1040 2450 1076 2491 e
1101 2430 1330 2492 ceteris
1373 2427 1662 2490 fontibus
1701 2450 1801 2491 res
1833 2450 1914 2491 eo
1962 2438 2260 2509 tempore
2321 2439 2539 2509 gestas
2602 2449 2826 2491 eruere
2886 2439 2950 2489 et

347 2552 520 2605 recte
567 2561 962 2624 componere
996 2539 1442 2602 difficillimum
1489 2549 1677 2602 esset.
1777 2540 1993 2620 Quam
2038 2540 2126 2601 ob
2170 2560 2308 2601 rem
2357 2559 2604 2613 omneS,
2655 2540 2766 2621 qui
2813 2539 2949 2600 eius

346 2653 659 2731 temporis
684 2651 1022 2714 historiam
1066 2662 1343 2725 narrant,
1380 2671 1639 2733 semper
1665 2653 1750 2713 ad
1780 2649 2289 2732 Xenophontem
2323 2658 2590 2728 oportet
2622 2668 2949 2711 recurrere

345 2764 612 2845 eiusque
658 2763 1087 2824 narrationem
1137 2762 1340 2842 sequi,
1391 2782 1560 2843 quae
1608 2783 1754 2823 mea
1800 2762 2063 2842 quidem
2110 2760 2432 2823 sententia
2493 2759 2758 2839 indigna
2816 2778 2947 2820 non

348 2886 467 2951 est,
535 2875 636 2936 cui
696 2874 891 2935 fidem
965 2871 1323 2934 habeamus
1385 2880 1451 2933 et
1514 2892 1713 2952 quam
1779 2891 2144 2952 sequamur,
2210 2871 2277 2931 id
2334 2878 2508 2931 certe
2570 2889 2765 2949 spero
2825 2867 2948 2931 hac

347 2985 795 3046 dissertatione
831 2984 1256 3064 probaturum
1310 3001 1415 3043 me
1463 3002 1605 3043 esse
1646 3003 1747 3044 res
1794 2981 1980 3043 nobis
2019 2980 2388 3043 tractandas
2431 2989 2607 3042 recte
2660 3000 2699 3041 a
2736 2979 2949 3041 Xeno·

346 3094 596 3177 phonte
644 3094 886 3155 narrari
934 3112 1321 3172 summaque
1370 3112 1593 3154 earum
1643 3101 1978 3154 momenta
2025 3091 2243 3153 omnia
2291 3100 2465 3152 recte
2511 3089 2796 3154 indicari.

559 3205 938 3286 Priusquam
985 3224 1140 3265 vero
1174 3203 1258 3264 ad
1308 3222 1444 3265 rem
1479 3203 1686 3284 ipsam
1719 3211 2063 3274 transeam,
2099 3200 2478 3263 brevissime
2517 3199 2949 3280 exponendae

347 3315 499 3378 mihi
550 3326 700 3377 sunt
750 3334 850 3376 res
897 3314 1378 3386 antecedentes,
1433 3333 1593 3403 quas
1643 3333 1906 3375 narrans
1953 3310 2466 3393 Xenophontem
2516 3298 2768 3391 sequar.

559 3423 997 3485 Athenienses
1046 3423 1296 3506 expulsi
1346 3424 1760 3505 Thrasybulo
1809 3423 1976 3484 duce
2022 3422 2289 3484 Piraeeo
2352 3419 2541 3503 potiti
2592 3420 2950 3502 trigintavi·

348 3554 563 3597 rorum
600 3534 956 3596 exercitum
989 3534 1275 3596 vicerant
1307 3545 1373 3597 et
1404 3535 1569 3596 duos
1603 3555 1638 3596 e
1663 3534 1949 3615 triginta,
1987 3532 2250 3595 Critiam
2286 3540 2352 3593 et
2394 3531 2945 3613 Hippomachum,

347 3645 797 3707 interfecerant
844 3644 1025 3727 (Xen.
1077 3644 1220 3706 hell.
1274 3645 1330 3707 II
1379 3661 1438 3722 4,
1497 3646 1801 3726 10-19).
1896 3643 2151 3723 Quibus
2220 3643 2403 3706 factis
2469 3643 2530 3705 in
2598 3643 2759 3704 urbe
2808 3643 2950 3724 ipsa

348 3758 515 3818 inter
561 3775 694 3827 eos,
734 3755 796 3838 in
830 3755 1067 3834 quibus
1098 3755 1647 3836 trigintavirorum
1682 3754 2024 3834 imperium
2058 3755 2401 3827 nitebatur,
2433 3753 2751 3815 dissensio
2797 3751 2960 3814 orta'

346 3876 462 3936 est,
498 3886 664 3928 -cum
711 3865 894 3927 multi
943 3874 1256 3946 tyrannos
1304 3885 1499 3947 porro
1546 3866 1728 3948 sequi
1794 3866 1925 3926 iam
1985 3864 2247 3926 nollent.
2361 3864 2577 3944 Quam
2650 3864 2736 3925 ob
2812 3882 2949 3923 rem

345 3977 688 4059 imperium
739 3976 829 4037 eis
895 3976 1212 4056 abrogare
1245 3978 1716 4039 constituerunt
1763 3984 1829 4037 et
1860 3975 2090 4037 decem
2122 3973 2279 4036 alios
2329 3984 2662 4056 praetores
2712 3973 2948 4044 creare,

345 4088 455 4168 qui
504 4105 900 4167 quamquam
946 4086 1360 4166 trigintaviris
1411 4087 1614 4148 multo
1663 4086 1941 4147 leniores
1990 4093 2188 4158 erant,
2239 4092 2459 4147 tamen
2508 4094 2573 4145 et
2620 4083 2741 4166 ipsi
2777 4083 2939 4165 opti·

347 4197 618 4258 matium
666 4196 834 4282 parti
883 4194 1190 4258 favebant
1240 4217 1450 4278 neque
1499 4197 1627 4259 ullo
1676 4196 1878 4258 modo
1926 4194 2181 4257 exsules
2243 4195 2303 4255 in
2352 4195 2578 4258 urbem
2628 4192 2948 4274 recepturi

348 4315 545 4369 erant.
642 4304 936 4384 Triginta
982 4316 1205 4368 autern
1254 4305 1558 4367 Eleusina
1627 4327 1697 4367 se
1770 4305 2198 4377 contulerunt,
2262 4324 2460 4386 quam
2523 4304 2750 4365 urbem
2822 4303 2951 4363 iam

345 4425 538 4478 antea
585 4414 887 4475 trecentis
935 4415 1274 4477 Eleusiniis
1322 4416 1668 4498 crudeliter
1715 4416 2118 4498 interemptis
2167 4414 2291 4475 sibi
2338 4419 2746 4495 paraverant.
2785 4453 2788 4456 ι
2841 4410 2949 4473 Sic

345 4527 539 4604 igitur
573 4523 795 4585 Attica
828 4531 960 4585 tres
1010 4523 1319 4587 factiones
1368 4526 1961 4607 complectebatur:
2012 4525 2075 4586 in
2122 4524 2388 4586 Piraeeo
2437 4530 2624 4584 erant
2669 4520 2947 4590 exsule5‚
