3459 5050
1858 283 1943 355 84

604 491 905 555 Eleusine
969 501 1349 575 recuperata
1409 503 1674 574 prorsus
1736 492 2028 575 neglecta
2089 492 2220 555 sere
2279 493 2455 555 idem·
2501 482 2913 573 significetur.
2986 480 3199 554 ⁷Haec

600 603 720 669 tria
768 602 957 676 idem,
991 603 1027 664 i.
1062 622 1117 668 e.
1148 598 1553 678 amnestiam,
1603 603 1961 686 significare
1995 605 2196 669 modo
2242 602 2364 686 ipsi
2411 603 2850 683 exposuimus,
2905 612 2972 664 et
3017 612 3195 665 certe

604 712 852 795 optime
911 712 1038 775 hoc
1101 713 1247 777 loco
1311 734 1387 777 ea
1448 713 1881 788 firmarentur,
1948 735 2116 799 quae
2181 712 2456 777 Grosser
2520 710 2602 774 de
2668 710 2985 775 amnestia
3040 730 3192 774 cum

604 823 814 885 reditu
864 823 1204 886 coniuncta
1252 824 1489 898 docuit,
1540 824 1592 886 si
1639 845 1708 888 re
1752 844 1903 889 vera
1933 827 2205 888 verbum
2252 824 2604 890 κατελθεῖν
2647 822 2774 885 hoc
2820 823 2966 885 loco
3015 823 3193 885 idern

604 933 992 1014 significaret
1046 955 1121 996 ac
1182 936 1395 997 cetera
1456 936 1575 997 tria
1622 936 1840 1001 verba.
1936 934 2068 998 Sed
2128 936 2410 998 maxime
2473 936 2567 997 vir
2635 915 2866 997 doctus
2935 934 3190 1006 erravit,

605 1062 815 1125 neque
878 1046 1045 1106 enim
1107 1045 1269 1107 vidit
1328 1045 1529 1107 verba
1581 1043 1690 1109 »ἐκ
1738 1044 2090 1129 Πειραιέως
2136 1036 2663 1139 mumdum«
2692 1061 2824 1108 non
2872 1043 3193 1126 respicere

603 1153 669 1215 id
715 1162 1040 1234 tempu3,·
1072 1177 1204 1237 quo
1268 1157 1584 1218 amnestia
1642 1157 1904 1219 decreta
1950 1167 2065 1230 est,
2116 1157 2231 1220 sed
2278 1157 2360 1229 id,
2413 1177 2545 1238 quo
2594 1155 2863 1218 Archini
2911 1155 3017 1217 lex
3064 1153 3193 1215 lata

605 1273 733 1337 est,
802 1283 995 1345 quam
1057 1275 1168 1328 aut
1229 1266 1417 1328 simul
1481 1287 1629 1329 cum
1700 1266 1909 1330 reditu
1971 1267 2107 1329 sive
2154 1267 2344 1329 simul
2388 1284 2537 1328 cum
2587 1266 2906 1327 amnestia
2950 1273 3062 1327 aut
3106 1265 3194 1326 ita

604 1375 784 1437 brevi
846 1385 997 1457 post
1033 1376 1251 1439 ‘latam
1312 1396 1454 1440 esse
1516 1397 1709 1440 nemo
1767 1378 2022 1451 credet,
2089 1386 2153 1439 et
2199 1375 2474 1441 Grosser
2530 1377 2676 1458 ipse
2724 1395 2788 1455 p.
2838 1388 2919 1454 45
2974 1382 3186 1454 negat.

604 1484 753 1569 Qua
813 1485 895 1548 de
955 1506 1148 1549 causa
1210 1486 1621 1550 manifestum
1684 1498 1810 1561 est,
1875 1486 1939 1549 id
1984 1488 2164 1570 quod
2209 1488 2403 1550 etiam
2450 1496 2534 1549 ex
2581 1487 2798 1550 aoristi
2849 1485 3190 1569 participio

601 1595 815 1677 colligi
863 1589 1094 1678 potuit,
1168 1587 1396 1661 verbis*
1440 1596 1547 1662 »ἐκ
1594 1597 1948 1683 Πειραιέως
2011 1593 2493 1673 κατελθόντες«
2565 1606 2892 1659 oratorem
2947 1596 3191 1660 dicere:

604 1714 755 1788 post
784 1706 1062 1787 reditum
1112 1718 1433 1784 vestrum3
1485 1719 1727 1791 quanto
1771 1719 1941 1791 post,
1993 1709 2208 1771 verbis
2238 1708 2393 1787 ipsis
2426 1729 2556 1771 non
2604 1707 2890 1771 indicari.
2972 1706 3188 1786 Quon-

603 1818 732 1879 iam
803 1826 1023 1884 autem
1105 1839 1232 1880 non
1305 1819 1499 1902 paulo
1560 1828 1711 1902 post
1777 1818 2070 1881 exsulum
2139 1818 2418 1880 reditum
2485 1836 2694 1899 neque
2756 1816 2958 1899 'paulo
3042 1825 3194 1895 post

604 1927 908 1989 Eleusina
955 1938 1231 2009 ⁴captam
1294 1930 1455 1993 haec
1511 1930 1618 1991 lex
1653 1930 1811 2011 ‘lata
1873 1938 1988 2002 est,
2051 1930 2219 2019 bene
2266 1928 2370 1992 hic
2430 1929 2608 1992 locus
2656 1949 2734 1990 ea
2780 1926 3183 2007 comprobat,

606 2057 775 2117 quae
823 2057 1019 2117 supra
1063 2038 1126 2120 (ἓ
1163 2042 1267 2122 21)
1316 2041 1595 2104 diximus
1640 2060 1721 2101 ex
1770 2059 1885 2112 e0,
1959 2040 2136 2119 quod
2184 2039 2618 2104 Athenienses
2674 2033 3186 2110 »κατελθόντι-ς(

604 2149 985 2210 amnestiam
1036 2149 1393 2212 decrevisse
1453 2150 1775 2224 dicantur,
1839 2170 2249 2230 nequaquam
2309 2130 2623 2233 apparere
2684 2170 2765 2211 ex
2826 2149 3034 2210 reditu
3083 2166 3194 2209 eos

605 2277 748 2319 eam
811 2258 1175 2322 decrevisse
1231 2270 1296 2322 et
1357 2261 1662 2323 sanxisse.
1758 2260 1813 2322 E
1861 2264 1902 2340 ξ
1949 2263 2030 2322 28
2081 2259 2353 2322 Grosser
2400 2261 2554 2322 citat
2602 2260 2794 2322 haec:
2874 2257 3190 2330 ›fl’a'iitacg

601 2365 725 2452 γὰρ
776 2371 946 2452 (ταῖς
980 2369 1369 2454 συνθήκαις)
1418 2371 1839 2445 πιστεύοντες
1884 2363 1974 2445 ὡς
2020 2366 2344 2454 ἀλλήλους
2375 2367 2834 2452 ἀφικνούμεθα
2847 2395 2899 2445 ‹,
2946 2371 3052 2441 ita,
3104 2376 3190 2440 ut,

604 2478 994 2560 quicumque
1026 2480 1201 2562 legat
1232 2481 1413 2546 locos
1441 2484 1523 2546 ab
1563 2503 1642 2547 eo
1674 2484 1925 2557 citatos
1954 2503 2105 2547 eum
2131 2483 2504 2566 intellegere
2539 2490 2843 2561 oporteat
2869 2488 3192 2543 oratorem

601 2609 855 2652 narrare
904 2590 1339 2655 Athenienses
1386 2596 1894 2670 condicionibus,
1943 2599 2085 2670 ταῖς
2129 2594 2523 2678 συνθήκαις,
2576 2593 2774 2656 fretos
2821 2591 3182 2662 convenire,

603 2700 737 2776 sed,
788 2702 895 2782 qui
940 2687 1169 2783 legerit
1216 2706 1574 2768 orationem
1620 2706 1849 2785 ipsam,
1902 2706 2183 2769 inveniet
2230 2699 2526 2767 eum‘his
2570 2703 2787 2766 verbis
2835 2693 3185 2764 Athenien·

601 2811 764 2872 sium
810 2807 1185 2893 pactionem
1230 2817 1496 2882 omnino
1544 2836 1674 2877 non
1730 2818 2080 2898 respicere,
2149 2817 2264 2877 sed
2313 2816 2374 2878 in
2424 2814 2796 2875 universum
2855 2813 3190 2895 pactiones

598 2919 966 2984 laudantem
1030 2919 1195 2986 inter
1253 2926 1375 2988 alia
1432 2927 1643 2988 dicere
1705 2927 2010 3005 pactione
2074 2927 2245 2989 facta
2304 2925 2582 3007 populos
2644 2925 2809 2985 inter
2885 2942 2953 2983 se
3018 2941 3185 2983 com·

601 3033 909 3094 mercium
961 3032 1219 3097 habere.

809 3141 1000 3206 Nullo
1046 3145 1243 3225 igitur
1289 3145 1593 3209 orationis
1639 3148 1784 3210 loco
1832 3151 2190 3214 sententiae
2238 3158 2496 3211 nostrae
2546 3155 2945 3229 repugnante
3014 3162 3183 3206 com·

598 3250 833 3332 plures,
884 3274 1278 3338 quamquam
1329 3263 1467 3337 ipse
1526 3279 1655 3320 non
1718 3258 1991 3321 multum
2051 3260 2142 3321 eis
2189 3259 2424 3330 tribu0‚
2485 3261 2544 3321 ei
2606 3260 2838 3321 favent.
2938 3258 3008 3319 In
3055 3257 3097 3335 ἓ
3147 3271 3182 3315 2

598 3362 802 3425 verba
849 3377 1022 3439 »τοῖς
1066 3357 1283 3442 ἄλλοις
1329 3365 1651 3451 ἐπιδεῖξαι,
1702 3362 1804 3433 ὅτι
1835 3365 1957 3433 οὐκ
1989 3368 2517 3477 ἀναγκασθέντες
2547 3365 2941 3452 ἐποιήσασθε
2980 3361 3186 3438 αὐτὰς

600 3470 741 3553 (τὰς
781 3475 1158 3560 συνθήκας),
1195 3474 1341 3541 ἀλλ’
1370 3472 1711 3563 ἡγούμενοι
1742 3482 1825 3561 τῇ
1856 3478 2042 3543 πόλει
2091 3470 2476 3564 συμφέρειν(
2515 3479 2719 3542 multo
2756 3478 2980 3540 melius
3013 3476 3185 3536 dicta

599 3588 748 3642 sunt
792 3582 874 3643 de
921 3585 1250 3658 amnestia,
1287 3607 1480 3668 quam
1527 3610 1642 3652 sua
1687 3599 1924 3672 sponte
1971 3600 2148 3653 totus
2194 3592 2471 3673 populus
2507 3590 2792 3652 decrevit
2837 3597 2901 3651 et
2948 3587 3176 3658 sanxit,

602 3710 794 3770 quam
844 3693 925 3756 de
974 3696 1065 3756 eis
1102 3695 1336 3778 ‘pactis
1402 3720 1568 3780 quae
1627 3700 1939 3765 Pausania
1996 3711 2261 3765 auctore
2322 3701 2684 3783 composita
2743 3703 2910 3762 sunt.
3015 3697 3184 3760 Nam

601 3803 684 3864 ad
732 3803 898 3867 hanc
944 3827 1175 3888 pacem
1222 3809 1489 3891 eiusque
1537 3811 1951 3875 condiciones
1981 3813 2389 3895 accipiendas
2421 3821 2486 3874 et
2520 3811 2743 3874 urbani
2778 3810 3179 3892 temporibus

600 3916 808 3977 coacti
853 3925 1021 3991 sunt,
1102 3927 1166 3981 et
1221 3919 1475 3982 exsules
1536 3941 1644 3983 eas
1705 3923 2012 3997 fecerunt,
2086 3923 2317 4003 quibus
2382 3924 2655 4005 patriam
2688 3925 2768 3982 'et
2825 3922 3000 3983 bona
3062 3935 3183 3980 sua

600 4026 975 4107 reciperent,
1028 4049 1154 4090 non
1204 4030 1353 4109 quia
1400 4032 1521 4093 sibi
1569 4042 2021 4111 persuaserant
2068 4053 2176 4095 eas
2235 4034 2484 4116 patriae
2533 4032 2865 4114 prodesse.
2963 4030 3180 4091 Potius

602 4135 835 4201 deinde
869 4140 929 4202 in
964 4160 1180 4203 meum
1229 4162 1415 4203 usum
1464 4152 1800 4206 vertuntur
1832 4147 1871 4225 ξ
1922 4158 1998 4222 25
2050 4145 2280 4210 verba:
2337 4136 2484 4207 »ὅτε
2527 4141 2644 4225 μὲν
2688 4133 2925 4225 ἄδηλον
2971 4128 3073 4224 ἦν,
3130 4137 3183 4202 εἰ

603 4250 1011 4314 συνοίσουσιν
1056 4248 1120 4315 αἱ
1164 4252 1499 4335 διαλλαγαὶ
1540 4258 1623 4339 τῇ
1668 4254 1876 4332 πόλει,
1923 4255 2260 4329 τοιούτους
2307 4276 2543 4338 ορκους
2588 4251 2981 4334 ἐποιήσασθε
3037 4248 3181 4332 περὶ

601 4356 844 4438 αυτῶν,
892 4355 1067 4435 ὥστ’,
1117 4359 1170 4426 εἰ
1214 4364 1324 4426 καὶ
1367 4362 1455 4448 αὴ
1503 4364 1874 4450 συνέφερεν,
1926 4361 2282 4449 ἀναγκαῖον
2312 4359 2473 4428 εἶναι
2505 4376 2642 4437 τοῖς
2673 4356 3180 4446 ὡαολογηαένοις

600 4470 951 4556 ἐμμέν,ειν«
1002 4493 1153 4535 nam
1200 4474 1427 4536 melius
1473 4475 1632 4538 haec
1673 4478 1986 4550 dicuntur,
2035 4476 2086 4538 si
2137 4474 2587 4546 reconciliati0‚
2637 4493 2801 4554 quae
2837 4493 2995 4556 pace
3027 4472 3178 4534 Pau-
