3459 5050
1818 246 1896 322 78

509 422 523 437 ⁵
569 481 633 541 p.
683 452 1017 523 LXXXIV
1071 459 1344 540 »scripta
1408 478 1548 521 esse
1611 458 1867 519 videtur
1914 457 2080 523 intra
2127 456 2207 519 ol.
2257 457 2363 536 96,
2400 473 2452 521 2
2504 466 2568 519 et
2618 472 2650 534 3
2705 458 2858 539 (403
2912 466 2976 519 et
3020 473 3148 534 402

570 582 625 632 a.
657 568 802 635 Chr.
830 571 978 652 n.‘)‹,
997 590 1188 651 ,quae
1205 571 1436 632 eadem
1466 578 1564 631 est
1587 568 1866 631 Stutzeri
1899 567 2233 632 sententia.
2281 566 2536 630 Certius
2561 567 2718 647 quid
2743 567 3151 648 Frohberger

569 681 822 753 statuit,
889 682 1000 762 qui
1048 700 1242 761 quam
1303 680 1599 761 proxime
1643 686 1871 758 postea
1918 697 2063 739 eam
2111 677 2400 741 habitam
2448 697 2589 739 esse
2651 678 2821 751 vult,
2882 677 3149 741 fortasse

572 792 765 855 etiam
811 810 979 852 anno
1024 806 1185 868 403,
1245 811 1393 855 cum
1437 791 1717 872 primurn
1762 789 2095 871 republica
2155 790 2448 853 restituta
2497 789 2909 868 magistratus
2954 791 3148 853 creati

569 902 717 967 sint.
816 900 947 963 Sed
1002 903 1135 963 tam
1198 902 1377 963 brevi
1438 909 1590 982 post
1633 898 1938 961 Eleusina
1993 909 2253 980 captam
2318 908 2381 961 et
2435 900 2818 963 amnestiam
2876 901 3148 980 promul—

571 1021 793 1093 gatam
860 1032 1003 1073 eam
1064 1012 1372 1092 scriptam
1435 1019 1665 1091 putare
1737 1028 1947 1088 neque
2015 1009 2343 1084 iubemur,
2411 1019 2480 1072 ut
2548 1011 3145 1085 demonstravimuS,

568 1122 785 1187 futuro
839 1120 1508 1206 »προθυμηθήσομαιε
1564 1122 1631 1203 (ξ
1672 1122 1775 1200 17)
1819 1118 1920 1180 vel
1963 1117 2090 1181 alio
2136 1118 2300 1192 loco,
2338 1130 2404 1182 et
2438 1131 2733 1183 vetamur
2764 1119 2922 1183 locis
2954 1122 3152 1183 modo

568 1233 787 1299 allatis.
868 1233 1206 1298 Francken
1256 1231 1874 1296 »commentationes
1904 1229 2280 1310 Lysiacae«,
2329 1253 2383 1293 a.
2432 1235 2615 1313 1865,
2667 1255 2729 1314 p.
2778 1235 2892 1295 182
2951 1253 3153 1295 »anno

572 1366 701 1408 uno
750 1345 1086 1407 duobusve
1125 1353 1284 1425 post
1330 1345 1771 1424 trigintaviros
1820 1346 2290 1426 compositam<
2346 1352 2489 1406 eam
2538 1353 2746 1425 putat.
2839 1343 3155 1406 Omnibus

570 1456 769 1518 serius
815 1475 962 1518 eam
1003 1455 1224 1539 posuit
1266 1455 1477 1529 Blass,
1544 1455 1652 1533 qui
1699 1455 2011 1535 imprimis
2061 1455 2094 1538 ξ
2145 1471 2230 1533 30
2274 1464 2644 1518 commotus
2693 1456 2943 1517 circiter
2988 1474 3154 1516 anno

570 1582 704 1644 400
736 1585 881 1629 eam
914 1566 1217 1645 scriptam
1252 1586 1393 1629 esse
1425 1574 1627 1647 putat.
1707 1563 2162 1646 Frohbergero
2196 1574 2436 1639 autern,
2473 1563 2809 1638 GrosserO,
2861 1563 3156 1628 Stutzero

572 1695 691 1755 pro
741 1684 921 1738 certo
968 1675 1360 1738 habentibus
1406 1677 1468 1737 in
1516 1675 1705 1737 huius
1769 1677 2077 1738 orationis
2142 1686 2440 1757 ternpore
2499 1676 2955 1738 constituendo
3000 1672 3157 1739 infra

574 1805 815 1848 annum
875 1802 1004 1864 402
1070 1772 1464 1848 descendere
1524 1786 1651 1848 iam
1698 1785 1952 1848 'idcirco
2013 1807 2144 1849 non
2205 1786 2423 1860 licere,
2498 1787 2649 1868 quia
2709 1785 2972 1847 Archini
3029 1786 3150 1859 lex,

574 1914 770 1975 quarn
817 1896 1119 1978 proxima
1162 1886 1571 1978 paragrapho
1618 1917 2124 1978 cognoscemus,
2177 1899 2239 1959 in
2289 1917 2364 1959 ea
2412 1917 2543 1958 non
2589 1904 3151 1968 commemoretur,

572 2007 751 2068 Blass
813 2005 939 2068 hoc
1001 2016 1454 2087 argumentum
1513 2007 1763 2081 reiecit,
1830 2017 1896 2070 et
1942 2017 2114 2070 recte
2158 2008 2407 2081 reiecit,
2477 2028 2644 2080 narn,
2696 2016 3149 2089 praeterquam

557 2117 753 2196 -quod
797 2136 927 2179 non
973 2125 1248 2190 constat,
1301 2119 1561 2196 quando
1607 2117 1769 2181 haec
1814 2119 1920 2181 lex
1963 2120 2092 2181 lata
2136 2120 2246 2191 sit,
2298 2119 2380 2191 is,
2433 2119 2542 2198 qui
2586 2119 2709 2179 hac
2757 2118 3051 2180 oratione
3092 2117 3155 2178 in

574 2227 744 2289 vitae
787 2227 1087 2289 examine
1132 2246 1202 2288 se
1234 2226 1540 2302 defendit,
1590 2249 1666 2290 ea
1713 2229 1804 2292 uti
1839 2249 1970 2292 non
2003 2230 2236 2311 potuit,
2282 2238 2366 2302 et,
2442 2228 2695 2290 etiarnsi
2741 2227 2876 2289 fieri
2924 2227 3151 2306 potuit,

578 2346 649 2400 ut
716 2346 934 2399 tamen
1002 2358 1150 2399 eam
1219 2349 1796 2414 commemoraret,
1884 2359 2011 2420 qua
2081 2348 2596 2402 commemorata
2665 2339 3153 2410 demonstraret,

576 2456 976 2530 quantopere
1025 2447 1268 2523 duceS,
1335 2468 1500 2531 quos
1560 2452 1600 2530 ξ
1651 2452 1733 2513 28
1780 2449 2029 2524 laudat,
2090 2449 2477 2512 concordiae
2523 2457 2589 2510 et
2634 2448 2989 2510 amnestiae
3034 2467 3155 2509 ser-

575 2559 825 2622 vandae
881 2557 1308 2633 studuissent,
1373 2569 1592 2623 tamen
1652 2559 1819 2623 hanc
1876 2561 2092 2640 legem
2156 2570 2290 2623 tam
2354 2560 2532 2642 parvi
2592 2560 2908 2622 momenti
2967 2557 3156 2620 fuisse

578 2670 970 2744 videbimuS,
1034 2678 1104 2732 ut
1160 2681 1415 2751 praeter
1476 2690 1676 2731 unum
1724 2670 1971 2745 locum,
2038 2690 2168 2749 quo
2222 2690 2366 2732 eam
2412 2671 2738 2742 novimuS,
2806 2669 2976 2731 nulla
3021 2669 3153 2731 eius

583 2780 826 2844 mentio
873 2780 1004 2843 fiat.

792 2892 1135 2963 Attamen,
1204 2911 1601 2972 quamquam
1660 2890 1787 2953 hoc
1847 2899 2300 2971 argumentum
2348 2911 2477 2952 non
2526 2890 2760 2962 obstat,
2811 2889 3154 2971 quominus

581 3018 729 3062 cum
776 3000 1024 3062 Blassio
1071 3001 1321 3063 circiter
1351 3021 1521 3064 anno
1551 3019 1682 3079 400
1726 3000 1892 3063 hanc
1922 3003 2280 3063 orationem
2314 3000 2746 3078 compositam
2785 2999 3154 3068 habeamus„

583 3128 710 3189 ego
772 3110 1035 3191 quidem
1109 3119 1261 3191 post
1341 3131 1578 3172 annum
1636 3128 1765 3187 402
1831 3130 1974 3172 eam
2034 3112 2345 3190 scriptam
2393 3131 2534 3173 esse
2582 3131 2712 3172 non
2760 3109 3155 3172 crediderim.

580 3219 749 3281 Nam
781 3207 979 3281 'anno
1039 3240 1167 3281 uno
1229 3230 1380 3301 post
1436 3220 1690 3283 exsules
1759 3241 2047 3283 reversos
2106 3230 2172 3283 et
2241 3221 2622 3283 amnestiam
2683 3219 3158 3301 promulgatam

582 3329 917 3390 interiecto
980 3330 1038 3391 ei
1102 3328 1259 3402 loci,
1322 3349 1486 3409 quos
1548 3328 1863 3392 Grossero
1924 3340 1988 3391 et
2044 3331 2497 3411 Frohbergero
2546 3329 2814 3410 o'bloqui
2862 3329 3156 3398 vidimuS,

582 3438 885 3520 explicari
933 3447 1243 3520 possunt,
1295 3459 1448 3505 nam
1494 3440 1689 3501 etiam
1737 3460 1831 3512 ea,
1882 3459 2051 3519 quae
2099 3442 2139 3520 ἓ
2192 3456 2272 3517 30
2335 3450 2590 3503 narrata
2652 3440 2981 3519 leguntur,
3032 3456 3159 3498 uno

583 3567 752 3609 anno
799 3546 936 3609 fieri
983 3557 1352 3627 potuerunt,
1403 3550 1781 3628 praesertim
1830 3570 1977 3612 cum
2020 3570 2230 3631 neque
2277 3559 2578 3631 oporteat
2622 3549 2821 3611 verba
2873 3543 3160 3620 »πολλὰς

582 3653 822 3741 ἀρχάς(
875 3658 955 3720 de
1003 3658 1373 3720 muneribus
1417 3660 1643 3721 annuis
1676 3659 1979 3741 intellegi,
2029 3665 2242 3739 deque
2286 3660 2460 3721 idem
2491 3659 2691 3722 homo
2724 3658 3158 3740 compluribus

582 3768 952 3829 muneribus
1002 3769 1255 3830 functus
1302 3789 1443 3830 esse
1487 3778 1714 3850 aperte
1764 3770 2029 3843 dicatur,
2079 3770 2136 3832 ei
2184 3779 2422 3841 autem,
2485 3770 2591 3849 qui
2639 3769 2940 3831 Eleusine
2987 3787 3157 3829 recu-

580 3885 806 3958 perata
868 3877 932 3938 in
996 3877 1289 3939 exsilium
1347 3879 1521 3940 missi
1588 3888 1789 3952 erant,
1852 3899 2019 3959 quos
2075 3879 2178 3941 alii
2243 3878 2532 3942 nonnulli
2585 3899 2702 3940 sua
2744 3887 2978 3958 sponte
3020 3876 3157 3938 sine

582 3987 782 4052 dubio
826 3987 1029 4049 secuti
1063 3996 1263 4062 erant,
1315 3997 1487 4050 certe
1518 3990 1725 4068 magis
1757 3990 2083 4051 metuendi
2118 3998 2300 4051 erant
2330 3988 2431 4051 vel
2463 3989 2586 4051 dici
2619 3996 2920 4069 poterant
2949 3987 3157 4068 primo

581 4117 770 4170 ann0,
822 4116 1015 4176 quam
1062 4106 1410 4179 postquam
1458 4106 1588 4161 tres
1635 4120 1840 4161 annos
1888 4099 1950 4161 in
1997 4099 2222 4162 exsilio
2265 4099 2520 4162 fuerunt
2548 4118 2759 4180 neque
2805 4097 3157 4178 quidquam

579 4216 805 4270 contra
851 4206 1353 4270 Atheniensium
1417 4209 1747 4271 civitatem
1811 4208 2013 4270 moliti
2074 4219 2239 4272 sunt.
2337 4210 2566 4290 Neque
2609 4228 2739 4269 non
2797 4206 2923 4269 hoc
2965 4214 3158 4288 pacto

581 4318 807 4381 melius
853 4317 1312 4398 intelleguntur
1359 4319 1725 4401 complures
1792 4318 1933 4391 loci,
1987 4318 2057 4402 g
2071 4336 2128 4398 3,
2178 4336 2279 4394 20,
2333 4335 2434 4396 23,
2485 4323 2587 4392 28,
2651 4318 2756 4398 qui
2814 4316 3161 4379 ostendunt

582 4448 821 4493 novam
865 4429 1190 4494 civitatem
1241 4429 1528 4494 nondum
1577 4431 1730 4494 satis
1780 4428 2102 4510 firmatam
2150 4450 2311 4505 esse,
2373 4430 2572 4511 quod.
2612 4449 2783 4492 anno
2844 4442 2974 4505 400
3031 4426 3158 4488 iam
