3459 5050
1574 374 1617 437 9

294 615 407 657 eos
455 593 686 668 sonteS,
737 595 848 675 qui
894 595 1128 656 diserte
1173 592 1290 656 has
1321 614 1420 656 res
1470 603 1752 668 narrant,
1802 594 1838 654 i.
1874 612 1930 657 e.
1981 593 2329 675 scriptores
2361 609 2576 653 rerum
2623 611 2703 652 eo
2735 598 2893 653 tem·

294 725 454 784 pore
502 714 857 784 gestarum,
905 704 1137 785 quibus
1185 705 1591 768 annumerari
1626 712 1850 786 potest
1896 702 2297 775 Andocides,
2349 702 2462 784 qui
2493 702 2556 763 in
2604 701 2897 762 oratione

290 817 438 899 ,moi
484 816 862 898 μυστηρίων
908 815 1192 876 breviter
1238 814 1373 877 eius
1406 816 1720 894 temporis
1770 813 2105 876 historiam
2141 820 2354 875 narrat
2402 830 2613 894 eaque
2644 818 2897 872 narrata

290 928 446 987 satis
489 945 631 987 sese
663 923 1029 986 defendisse
1074 926 1197 986 sibi
1228 925 1501 998 videtur,
1551 922 1936 1007 respiciendi
1970 923 2415 1004 relinquuntur
2459 929 2755 984 oratores
2788 919 2893 981 alii

284 1035 668 1116 complureS,
721 1034 831 1115 qui
876 1035 939 1094 id
990 1028 1119 1121 non
1163 1045 1398 1115 agunt,
1462 1044 1532 1097 ut
1578 1035 1661 1097 de
1708 1035 1826 1096 illis
1872 1034 2066 1095 rebus
2111 1033 2312 1113 gestis
2377 1051 2497 1093 nos
2555 1031 2694 1092 sive
2755 1050 2889 1103 eos,

284 1147 394 1226 qui
441 1147 844 1217 audiverunt,
896 1145 1202 1206 certiores
1249 1143 1502 1218 faciant,
1552 1145 1670 1208 sed
1734 1145 1843 1226 qui
1905 1144 2143 1205 idcirco
2206 1142 2491 1222 singulas
2556 1158 2657 1202 res
2721 1159 2891 1201 corn·

288 1266 686 1328 memorant,
754 1263 823 1316 ut
886 1254 978 1317 eis
1041 1256 1569 1317 commemoratis
1631 1255 2021 1317 sententiam
2095 1271 2284 1315 suam
2342 1251 2601 1314 firment
2660 1250 2761 1315 vel
2821 1271 2893 1312 se

286 1366 639 1429 defendant
684 1365 785 1428 vel
831 1365 987 1427 alios
1034 1375 1358 1427 accusent.
1456 1365 1608 1445 Quo
1656 1364 1929 1427 consilio
1977 1362 2266 1433 efficitur,
2327 1370 2397 1424 ut
2444 1360 2716 1443 plurima
2777 1361 2887 1434 εἰς,

286 1478 395 1558 qui
428 1477 716 1559 audiunt,
769 1486 924 1538 nota
954 1485 1201 1556 ponant
1247 1464 1312 1537 et
1358 1485 1609 1537 tantum
1641 1483 2007 1537 monstrent
2055 1493 2333 1554 eamque
2379 1473 2468 1534 ob
2502 1492 2639 1534 rem
2677 1471 2888 1545 nobiS‚

290 1588 406 1649 nisi
452 1607 569 1669 per
615 1587 775 1648 alios
821 1588 1166 1667 scriptores
1200 1587 1282 1647 de
1330 1587 1420 1647 eis
1454 1585 1745 1647 instructi
1790 1604 2033 1656 sumuS,
2083 1583 2420 1645 obscurius
2453 1602 2529 1644 ea
2576 1582 2879 1646 indicent.

288 1699 594 1770 Accedit,
663 1697 839 1778 quod
886 1717 1083 1778 saepe
1152 1697 1214 1757 in
1261 1716 1451 1758 suum
1500 1695 1921 1757 commodum
1977 1713 2280 1776 perverse
2326 1710 2427 1754 res
2475 1692 2890 1773 interpretan-

287 1820 406 1874 tur.
503 1807 689 1886 Quae
739 1809 931 1873 etiam
983 1806 1222 1868 cadunt
1270 1806 1331 1866 in
1367 1806 1698 1867 orationes
1748 1804 1936 1867 nobis
1983 1803 2372 1875 tractandaS,
2425 1823 2591 1884 quae
2622 1800 2888 1863 nonnul·

285 1918 376 1979 las
426 1938 527 1978 res
576 1917 740 1979 falso
791 1919 1313 1998 interpretantur,
1365 1915 1675 1997 plurimas
1724 1925 1946 1978 autem
1993 1921 2166 1975 recte
2225 1913 2511 1974 indicare
2574 1912 2890 1985 videntur,

287 2031 403 2091 sed
467 2049 694 2090 omnes
762 2027 891 2089 fere
941 2027 1276 2088 obscurius
1326 2034 1390 2087 et
1437 2026 1713 2089 brevius,
1804 2025 2035 2106 Neque
2082 2024 2293 2084 minus
2340 2041 2538 2104 quam
2584 2022 2645 2083 in
2680 2022 2889 2102 singu-

228 2116 386 2219 flos
431 2139 863 2220 complurium
912 2138 1284 2200 orationum
1333 2136 1511 2198 locos
1559 2136 1621 2197 in
1672 2135 2119 2197 nonnullarum
2168 2141 2427 2215 tempus
2475 2140 2539 2194 et
2569 2120 2889 2193 condicio·

290 2268 404 2312 nes
454 2249 639 2311 nobis
688 2249 1137 2329 inquirendum
1187 2255 1304 2319 est,
1356 2247 1591 2328 quibus
1647 2245 1822 2307 fraus
1870 2245 2081 2307 inesse
2141 2263 2273 2304 non
2332 2250 2569 2324 potest.
2665 2240 2892 2321 Itaque

289 2360 600 2440 quoniam
649 2379 742 2431 ea,
795 2378 962 2439 quae
1008 2357 1187 2438 apud
1236 2365 1531 2419 oratores
1579 2356 2007 2428 inveniuntur,
2072 2362 2335 2436 oportet
2392 2350 2683 2419 cumeis
2743 2371 2889 2412 con-

289 2470 528 2543 venire,
581 2489 749 2550 quae
796 2490 833 2531 a
878 2467 1298 2547 scriptoribus
1343 2466 1704 2539 traduntur,
1773 2465 1964 2527 tertio
2009 2462 2476 2527 dissertationis
2523 2461 2737 2543 capite
2786 2460 2890 2521 de-

288 2582 783 2656 monstrandum
818 2581 953 2651 erit,
1003 2578 1342 2659 quomodo
1389 2576 1638 2658 singula
1671 2576 2079 2642 conveniant.
2174 2573 2472 2653 Quacum
2506 2572 2887 2652 quaestione

289 2691 456 2752 bene
503 2691 806 2770 coniungi
855 2699 1074 2771 potest
1118 2688 1336 2761 altera,
1389 2687 1470 2749 de
1513 2707 1640 2769 qua
1686 2687 1801 2748 nisi
1854 2686 1968 2748 illis
2017 2682 2416 2747 orationibus
2479 2681 2607 2743 nixi
2646 2678 2884 2742 'diiudi-

290 2822 435 2862 care
486 2821 614 2862 non
667 2821 1031 2881 possumuS,
1087 2798 1422 2880 quomodo
1470 2806 1535 2858 et
1583 2796 1893 2877 quamdiu
1942 2795 2280 2865 amnestia,
2349 2812 2546 2874 quam
2592 2799 2731 2852 tum
2780 2791 2889 2850 de-

291 2922 533 2973 cretam
579 2930 720 2972 esse
767 2909 1189 2990 sequentibus
1235 2908 1618 2979 videbimuS,
1668 2916 1924 2968 servata
1969 2906 2067 2968 sit.
