3459 5050
1656 348 1729 412 17

409 543 601 605 huius
651 544 949 605 facinoris
997 554 1223 607 auctor
1270 565 1401 613 non
1444 546 1651 608 fuerat
1698 548 1832 609 sive
1880 546 2029 631 quia
2077 547 2211 607 eius
2256 544 2459 606 vitam
2506 543 2629 605 hac
2678 564 2746 604 re
2790 540 3019 622 turpis-

409 654 571 715 sima
617 665 873 718 narrata
923 658 1246 719 maculare
1294 655 1518 724 noluit,
1614 658 2031 719 Manifestum
2088 664 2303 719 autem
2369 663 2467 716 est
2528 654 2610 716 de
2668 653 3019 715 amnestiae

407 766 864 846 promulgatae
912 777 1211 847 tempore
1254 769 1582 849 Nepotem
1647 789 1777 830 non
1837 767 2106 850 obloqui
2152 764 2575 846 Xenophonti
2641 773 2706 826 et
2754 763 3018 835 IustinO,

411 894 561 935 nam
605 876 820 937 verbis
874 879 1324 941 »reconciliata
1373 899 1555 959 pace,
1605 899 1751 941 cum
1804 876 2300 960 (Thrasybulus)
2348 875 2696 956 plurimum
2760 874 2822 934 in
2871 874 3017 935 civi-

409 993 543 1046 tate
591 996 850 1064 posset‹
905 988 1043 1068 ipse
1074 990 1230 1051 satis
1279 990 1519 1052 indicat
1553 990 1718 1052 inter
1763 1008 1990 1070 pacem
2043 986 2473 1068 compositam
2523 993 2589 1046 et
2635 985 3018 1046 amnestiam

409 1095 896 1176 promulgatam
943 1099 1186 1182 aliquid
1233 1101 1552 1178 temporis
1599 1099 2051 1162 intercessisse.

630 1208 670 1284 §
719 1208 779 1270 6.
827 1207 1309 1271 Andocides
1356 1211 1639 1295 denique
1685 1219 1895 1271 totam
1945 1210 2081 1270 eius
2125 1207 2441 1288 temporis
2501 1206 2833 1267 historiam
2878 1188 3014 1266 bre-

411 1315 574 1377 viter
651 1336 910 1379 narrans
970 1320 1345 1381 brevissime
1410 1341 1502 1393 ea,
1564 1341 1827 1403 quoque
1888 1318 2414 1401 comprehendit,
2480 1336 2649 1400 quae
2696 1335 2732 1376 e
2792 1315 3024 1376 ceteris

412 1427 837 1505 scriptoribus
885 1430 1012 1490 iam
1059 1431 1471 1510 collegimus,
1537 1450 1687 1493 cum
1730 1432 1758 1492 Ι
1808 1434 1881 1492 81
1951 1429 2135 1491 dicit:
2203 1425 2459 1509 »ἐπειδὴ
2506 1421 2560 1490 ‹5‘
2612 1423 3021 1508 ἐπανήλθετε

415 1534 487 1600 ἐκ
534 1538 911 1622 Πειραιέως,
962 1540 1308 1624 γενόμενον
1351 1537 1454 1621 ἐφ’
1507 1537 1652 1623 ὑμῖν
1697 1543 2124 1624 τιμωρεῖσθαι
2170 1530 2422 1621 ἔγνωτε
2480 1535 2596 1600 {siv
2641 1532 2725 1600 τὰ
2772 1557 3019 1618 γεγενη-

407 1645 588 1730 μένα,
637 1649 745 1711 καὶ
792 1651 941 1733 περὶ
987 1653 1288 1725 πλείονος
1331 1651 1727 1735 ἐποιήσασθε
1779 1649 2009 1732 σώζειν
2050 1648 2175 1733 τὴν
2221 1646 2419 1711 πόλιν
2465 1644 2503 1730 ἢ
2550 1644 2670 1720 τὰς
2714 1644 2882 1720 ἰδίας
2928 1668 3018 1709 τι-

409 1759 676 1840 μωρίας,
724 1759 834 1821 καὶ
879 1755 1053 1843 ἔδοξε
1095 1761 1183 1845 μὴ
1227 1775 1647 1846 μνησικακεῖν
1693 1757 2001 1844 ἀλλήλοις
2045 1767 2182 1822 τῶν
2214 1756 2724 1842 γεγενημένωνκ,
2785 1756 3020 1840 quibus

408 1869 621 1930 verbis
671 1867 821 1930 nihil
869 1869 1050 1942 inest,
1103 1873 1282 1955 quod
1329 1893 1480 1935 cum
1528 1874 1637 1946 eis,
1688 1892 1854 1952 quae
1901 1881 2154 1933 ceteros
2200 1869 2454 1931 tradere
2501 1868 2813 1940 vidimuS‚
2880 1887 3010 1927 non

411 1990 744 2058 congruat,
797 1999 947 2042 nam
995 2001 1393 2067 quamquam
1442 1984 1773 2066 expeditio
1805 1981 2131 2045 Eleusinia
2166 1988 2418 2041 narrata
2466 1998 2597 2040 non
2631 1986 2747 2051 est,
2799 1986 3017 2038 tamen

415 2097 760 2174 utrumque
794 2091 1030 2154 factum
1062 2113 1404 2167 summum,
1452 2104 1516 2156 et
1541 2095 1784 2156 reditus
1810 2093 2105 2154 exsulum
2139 2100 2204 2152 et
2227 2089 2561 2160 amnestia,
2597 2087 3011 2167 significatur.

628 2199 792 2262 Cum
839 2202 937 2264 his
970 2204 1327 2265 Andocidis
1373 2206 1588 2268 verbis
1622 2204 1774 2267 nihil
1823 2205 1974 2266 novi
2022 2203 2339 2272 afferatur,
2390 2199 2679 2261 eiusdem
2713 2199 3023 2261 orationis

416 2310 829 2393 paragrapho
898 2314 1322 2394 nonagesima
1392 2315 1752 2396 compluria
1819 2316 2291 2396 comperim=1S‚
2366 2331 2534 2395 quae
2589 2309 2800 2371 nullus
2860 2309 3023 2370 alius

425 2420 699 2500 scriptor
747 2422 1028 2497 exhibet,
1083 2445 1247 2506 quae
1294 2418 1511 2486 tamen
1562 2425 1624 2486 in
1671 2426 2053 2486 amnestiam
2105 2420 2571 2505 inquirentibus
2603 2420 2869 2481 maximi
2915 2439 3023 2481 no-

419 2535 518 2598 bis
565 2543 715 2595 sunt
762 2536 1092 2607 momenti,
1140 2536 1337 2597 tradit
1399 2537 1571 2597 enim
1628 2536 1755 2597 hoc
1815 2536 1961 2597 loco
2024 2533 2401 2596 Andocides
2460 2532 2818 2593 iuramenta
2878 2531 3019 2602 tria,

415 2643 653 2727 quibus
700 2647 1012 2709 amnestia
1059 2655 1281 2707 sancta
1328 2655 1442 2708 est.
1537 2646 1836 2727 Quorum
1884 2644 2164 2725 primum
2208 2643 2393 2704 affert
2438 2642 2521 2715 id,
2574 2662 2707 2725 quo
2755 2648 2896 2702 tota
2943 2640 3022 2701 ci-

414 2754 578 2815 vitas
625 2754 936 2816 obstricta
982 2755 1082 2827 sit,
1132 2756 1310 2817 cuius
1358 2758 1557 2818 verba
1603 2758 1763 2818 haec
1820 2765 2003 2820 sunt:
2070 2753 2215 2817 »καὶ
2261 2748 2339 2816 οὐ
2385 2749 2845 2835 μνησικακήσω
2891 2755 3028 2813 τῶν

415 2868 710 2928 πολιτῶν
755 2859 968 2928 οὐδενὶ
1014 2865 1191 2948 πλὴν
1234 2872 1375 2929 τῶν
1421 2865 1781 2950 τριάκοντα
1827 2866 1930 2929 καὶ
1965 2871 2103 2928 τῶν
2150 2859 2393 2927 ἕνδεκα·
2455 2856 2602 2925 οὐδὲ
2647 2858 2909 2926 τούτων
2952 2855 3024 2934 ὃς

417 2969 503 3037 ἂν
551 2972 748 3056 ἐθέλῃ
798 2971 1089 3049 εὐθύνας
1135 2974 1379 3039 διδόναι
1423 2979 1543 3061 τῆς
1589 2974 1795 3061 ἀρχῆς
1854 2969 1926 3059 ἧς
1973 2969 2225 3059 ἦρξενιι.
2321 2973 2486 3036 Cum
2548 2992 2759 3054 neque
2813 2971 3025 3033 Xeno·

422 3083 603 3166 phon
651 3105 866 3168 neque
913 3086 1194 3147 Iustinus
1262 3105 1474 3168 neque
1520 3083 1856 3146 Cornelius
1901 3084 2146 3161 Nepos,
2197 3084 2307 3166 qui
2371 3083 2752 3145 amnestiam
2814 3083 3026 3143 decre-

417 3203 552 3256 tam
601 3214 741 3255 esse
789 3204 1064 3264 narrant,
1114 3195 1412 3256 homines
1459 3194 1782 3279 quosdam
1831 3194 1913 3256 ab
1976 3193 2102 3254 hoc
2160 3192 2477 3256 beneficio
2526 3192 2823 3254 exclusos
2887 3212 3026 3253 esse

417 3305 692 3376 tradant,
739 3303 866 3365 hoc
912 3304 1272 3367 Andocidis
1317 3304 1461 3366 loco
1509 3306 1814 3366 certiores
1863 3303 2189 3366 reddimur
2252 3303 2548 3365 exclusos
2603 3312 2823 3365 tamen
2885 3322 3027 3365 esse

418 3415 803 3495 complures
897 3415 1129 3498 Neque
1175 3435 1330 3477 vero
1379 3416 1744 3477 mirandum
1793 3425 1890 3476 est
1934 3415 2074 3476 illos
2117 3423 2248 3475 tres
2295 3415 2641 3493 scriptores
2683 3413 2808 3474 hoc
2854 3432 3024 3474 com·

420 3543 783 3585 memorare
816 3526 1256 3602 supersedere,
1307 3526 1552 3609 quippe
1599 3526 1707 3608 qui
1753 3545 1980 3586 omnes
2013 3524 2386 3587 brevissime
2431 3524 2715 3585 scribant
2747 3533 2812 3585 et
2858 3543 3024 3584 sum-

422 3654 593 3696 mam
643 3653 856 3695 rerum
905 3636 1269 3709 ostendant,
1321 3637 1406 3697 ita
1455 3644 1525 3697 ut
1569 3636 1847 3698 Iustinus
1906 3635 2099 3697 etiam
2160 3654 2292 3707 eos,
2354 3634 2461 3719 qui
2523 3633 2701 3712 pacis
2748 3634 3024 3697 condici-

422 3745 655 3806 onibus
703 3746 993 3823 exempti
1038 3755 1236 3819 erant,
1289 3747 1593 3808 omiserit.
1687 3744 2081 3826 Xenophon,
2132 3746 2242 3828 qui
2309 3754 2372 3806 et
2419 3745 2558 3826 ipse
2619 3763 2846 3805 omnes
2910 3744 3026 3805 has

425 3875 524 3916 res
572 3853 949 3916 brevissime
998 3865 1228 3928 narrat,
1281 3876 1359 3917 eo
1408 3856 1617 3934 magis
1662 3855 1789 3916 hoc
1834 3855 1980 3917 loco
2028 3854 2200 3916 viros
2246 3854 2543 3916 exclusos
2577 3855 2877 3916 omittere
2915 3873 3025 3935 po-

422 3965 561 4036 tuit,
617 3966 769 4048 quia
804 3964 933 4026 fere
976 3974 1090 4026 aut
1121 3965 1309 4045 plane
1344 3965 1554 4027 eidem
1588 3975 1740 4027 sunt
1771 3975 1970 4048 atque
2002 3966 2080 4037 ei,
2130 3985 2294 4048 quos
2343 3965 2564 4043 paucis
2599 3962 3024 4046 paragraphis

425 4084 578 4137 ante
624 4095 662 4135 a
707 4095 867 4156 pace
902 4074 1198 4137 exclusos
1248 4076 1664 4137 enumeravit.
1762 4076 1926 4136 Nam
1978 4097 2015 4136 a
2049 4095 2209 4154 pace
2256 4075 2500 4136 exclusi
2534 4083 2715 4136 erant
2762 4074 3026 4155 triginta

423 4193 489 4246 et
537 4185 835 4246 undecim
885 4194 951 4246 et
997 4185 1346 4246 decemviri
1393 4185 1780 4256 PiraeenseS,
1833 4186 1917 4247 ab
1981 4185 2311 4271 amnestia·
2364 4194 2585 4246 autem
2644 4185 2904 4265 triginta
2963 4194 3028 4246 et

424 4295 745 4366 undecim,
798 4295 1175 4356 decemviris
1207 4295 1403 4374 igitur
1431 4295 1895 4366 PiraeensibuS,
1947 4295 2065 4355 nisi
2113 4294 2283 4357 forte
2317 4296 2379 4356 in
2427 4295 2552 4356 hoc
2585 4293 3026 4356 iusiurandum

425 4404 745 4465 inserendi
794 4413 959 4475 sunt,
1011 4405 1092 4465 de
1139 4424 1270 4487 qua
1315 4405 1697 4489 quaestione
1747 4403 1909 4465 infra
1957 4404 2015 4486 (ἓ
2078 4405 2180 4486 19)
2228 4403 2499 4465 locuturi
2548 4423 2788 4477 sumuS,
2839 4405 3029 4466 venia

424 4513 578 4576 data
626 4523 742 4586 est,
791 4513 928 4606 sive
973 4515 1149 4597 quod
1195 4523 1615 4594 tyrannorum
1677 4523 1862 4595 parte
1922 4513 2140 4578 relicta
2187 4515 2434 4601 populo
2507 4535 2648 4581 sese
2722 4516 3028 4579 adiunxe-

646 4639 888 4700 Liibbert,
929 4641 991 4688 de
1032 4641 1288 4688 amnestia.
2788 4656 2819 4697 2

3207 174 3332 233 NJ*
3347 238 3356 241 χ
