3459 5050
1816 291 1899 354 34

570 491 634 553 id
680 491 860 575 quod
908 513 943 553 e
988 491 1408 574 sequentibus
1454 491 1609 552 satis
1656 489 1954 557 elucebit.
2049 490 2221 573 Quia
2286 511 2443 553 vero
2506 510 2719 573 neque
2789 488 2998 553 Grote
3065 509 3162 551 ne·

567 622 696 687 que
741 603 937 665 ceteri
984 601 1100 663 viri
1145 601 1319 663 docti
1379 602 1691 665 nominati
1740 611 2098 681 exponunt,
2158 621 2271 664 cur
2317 609 2545 667 contra
2615 599 2891 667 fontium
2946 609 3161 663 aucto·

570 712 824 775 ritatem
873 713 1141 795 egerint,
1193 722 1305 775 aut
1351 706 2002 798 quomodo‘singula,
2054 733 2224 797 quae
2271 706 2618 790 scriptores
2652 710 2933 783 tradunt,
2979 709 3158 772 inter-

538 831 917 905 pretentur,
952 843 1163 909 neque
1197 824 1461 886 omnino
1508 822 1795 885 indicant
1823 842 2060 888 novam
2105 843 2176 885 se
2208 822 2596 884 sententiam
2647 820 2954 901 proferre,
3002 819 3160 883 haec

567 924 861 997 omnium
905 933 1324 1015 opiniosatis
1372 932 1648 996 refutata
1706 932 1930 995 haberi
1980 941 2217 1012 potest,
2278 942 2634 1016 postquam
2667 930 3155 994 ‘demonstravi-

569 1063 711 1107 mus
758 1063 871 1105 eos
918 1053 1144 1107 contra
1192 1044 1465 1106 fontium
1513 1044 1971 1106 auctoritatem
2020 1042 2246 1105 fecisse
2292 1063 2506 1126 neque
2553 1043 2617 1104 in
2676 1062 2744 1104 re
2800 1041 2940 1124 ipsa
3000 1062 3155 1115 esse,

514 1206 523 1210 -
566 1173 680 1216 cur
724 1161 951 1216 contra
999 1173 1142 1215 eam
1200 1153 1452 1216 faciant.

780 1262 912 1326 Sed
961 1263 1205 1327 maiore
1256 1264 1523 1344 negotio
1587 1284 1757 1326 nunc
1818 1283 1985 1343 opus
2051 1272 2178 1337 est,
2239 1263 2389 1348 quia
2449 1274 2712 1326 nostrae
2770 1264 3000 1326 aetatis
3065 1262 3158 1325 vir

565 1373 799 1435 doctus
844 1374 919 1435 R.
967 1371 1316 1436 Grosser
1363 1375 1428 1437 id
1477 1395 1730 1447 munuS,
1781 1375 1959 1458 quod
2007 1373 2089 1436 illi
2139 1374 2583 1455 neglexerunt,
2630 1375 2933 1453 suscepit.
3028 1375 3154 1454 Qui

561 1482 781 1546 libello
837 1485 979 1546 »die
1013 1485 1356 1547 Amnestie
1386 1486 1501 1547 des
1542 1484 1767 1566 jahres
1813 1500 1939 1564 403
1980 1504 2037 1548 v.
2072 1483 2290 1558 Chr.‹,
2336 1485 2520 1557 1868,
2571 1485 2805 1566 partim
2839 1481 3153 1547 Groteum

559 1603 818 1657 secutus
866 1595 1102 1674 partim
1149 1591 1605 1658 Thirlwallium
1664 1616 1849 1657 suam
1900 1595 1981 1657 de
2031 1595 2283 1657 duabus
2329 1594 2661 1656 amnestiis
2724 1594 3152 1675 promulgatis

560 1704 947 1767 sententiam
992 1705 1177 1767 finxit
1225 1715 1478 1768 et·eam
1526 1726 1674 1768 cum
1721 1704 2007 1769 fontibus
2072 1706 2321 1771 traditis
2370 1724 2725 1785 congruere
2799 1704 3015 1767 multis
3060 1723 3151 1767 ar-

557 1816 883 1896 gumentis
929 1815 1274 1896 diligenter
1320 1816 1699 1900 conquisitis
1746 1816 2193 1879 demonstrare
2238 1824 2509 1878 conatus
2558 1824 2673 1879 est.
2767 1815 2985 1903 Quam
3016 1836 3150 1878 sen·

538 1925 1007 1991 ‹tentiammon
1050 1927 1274 2008 paucis
1320 1927 1471 1988 viris
1519 1926 1729 1988 doctis
1777 1927 2102 2006 probavit,
2166 1927 2330 1988 inter
2378 1944 2543 2009 quos
2600 1935 2858 2006 praeter
2902 1935 3150 1988 ceteros

556 2035 930 2099 nominandi
976 2045 1128 2099 sunt
1174 2036 1447 2110 Curtius,
1500 2037 1606 2120 qui
1659 2037 1720 2098 in
1775 2011 2227 2099 recentissimis
2275 2034 2579 2098 historiae
2630 2031 2923 2098 Graecae
2970 2036 3145 2098 editi-

556 2145 787 2209 onibus
820 2145 1009 2224 plane
1039 2165 1191 2208 eum
1224 2155 1484 2213 secutus
1518 2155 1635 2219 est,
1685 2156 1753 2209 et
1786 2138 2289 2218 Rauchenstein,
2321 2145 2454 2228 qui,
2504 2156 2860 2229 postquam
2893 2145 3147 2227 saepius

554 2255 638 2316 de
695 2254 816 2317 hac
879 2256 1262 2339 quaestione
1318 2257 1707 2319 sententiam
1766 2276 1951 2318 suam
2018 2256 2314 2328 mutavit,
2382 2257 2444 2317 in
2511 2265 2699 2318 sexta
2759 2265 2824 2318 et
2871 2256 3146 2337 septima

555 2364 920 2427 orationum
980 2365 1402 2446 Lysiacarum
1470 2366 1857 2429 selectarum
1928 2366 2323 2429 editionibus
2393 2365 2687 2428 Grosseri
2759 2366 3141 2429 sententiam

551 2475 822 2559 accepit,
871 2496 1065 2560 quam
1115 2476 1373 2540 retinuit
1420 2475 1488 2540 C.
1542 2478 1736 2550 Fuhr‚
1790 2479 1897 2563 qui
1950 2498 2151 2562 nuper
2210 2477 2560 2541 editionem
2611 2484 2911 2539 octavam
2972 2496 3139 2540 cura·

552 2585 661 2657 vit,
709 2593 774 2647 et
820 2586 1189 2667 Hertzberg
1227 2587 1486 2652 »Hellas
1521 2590 1651 2650 und
1689 2591 1925 2663 Rom«,
1960 2590 2009 2666 I,
2055 2592 2236 2670 1879,
2289 2612 2348 2672 p.
2403 2602 2529 2666 370
2569 2608 2690 2670 sq,
2741 2606 2940 2671 quam
2986 2587 3139 2650 refu·

548 2705 688 2757 tare
732 2714 926 2758 nemo
974 2697 1187 2760 adhuc
1232 2707 1501 2760 conatus
1552 2708 1670 2771 est,
1724 2699 1840 2761 nisi
1890 2702 2064 2784 quod
2100 2699 2513 2778 Frohberger
2557 2697 2597 2762 l.
2632 2697 2669 2763 1.
2720 2697 2818 2762 ed.
2872 2698 3024 2763 min.
3074 2718 3135 2778 p.

559 2808 632 2869 18
678 2817 895 2870 annot.
950 2824 983 2869 2
998 2821 1026 2887 5
1077 2807 1243 2871 hanc
1303 2809 1690 2871 sententiam
1755 2809 1875 2872 sibi
1940 2830 2068 2873 non
2132 2811 2481 2891 probatam
2530 2828 2672 2870 esse
2719 2817 3025 2880 annotat,
3077 2816 3140 2867 et

547 2915 1051 2979 Breitenbach.l.
1082 2919 1119 2979 l.
1168 2918 1230 2980 in
1277 2919 1805 2982 annotationibus
1850 2919 2376 3001 diligentissimiS‚
2413 2937 2810 3002 quamquam
2846 2916 3136 2980 Grosseri

544 3024 775 3088 librum
822 3047 954 3089 non
988 3027 1479 3101 laudat,-tamen
1526 3031 1918 3092 sententiam
1962 3031 2350 3099 contrariam
2397 3030 2489 3090 sic
2537 3028 2824 3112 exponit,
2875 3035 2945 3089 ut
2989 3047 3136 3090 eum

541 3135 663 3198 sibi
710 3145 936 3198 notum
983 3156 1197 3220 neque
1246 3140 1595 3222 probatum
1645 3161 1787 3202 esse
1839 3142 2160 3209 ostendat.

756 3247 826 3308 In
874 3267 1001 3312 sua·
1039 3257 1265 3310 autem
1311 3251 1631 3312 sententia
1678 3252 2068 3333 exponenda
2114 3250 2303 3334 plane
2338 3251 2568 3312 eadem
2620 3250 2865 3312 ratione
2916 3250 3128 3321 utitur,

542 3375 673 3438 qua
743 3376 871 3437 ego
935 3357 1166 3418 ductus
1225 3378 1389 3432 sum,
1450 3379 1581 3443 quo
1645 3358 1886 3422 factum
1936 3370 2050 3433 est,
2102 3370 2173 3421 ut
2232 3361 2312 3423 de
2358 3360 2574 3427 multis
2625 3337 3129 3432 consentiamuS‚

542 3484 939 3548 quamquam
987 3486 1194 3548 pauca
1238 3469 1295 3528 ei
1343 3469 1573 3542 debe0,
1626 3470 1776 3554 quia
1824 3470 2095 3552 plurima
2144 3470 2282 3554 ipse
2338 3471 2731 3543 inveneram,
2783 3457 3130 3553 antequam

541 3573 604 3634 in
651 3574 787 3636 eius
818 3577 1347 3639 annotationibus
1378 3580 1674 3663 exposita
1721 3579 2029 3660 legerem,
2079 3591 2279 3663 atque
2309 3590 2639 3664 praeterea
2689 3580 2953 3641 minima
3000 3598 3130 3640 om-

541 3682 717 3746 nium
762 3696 1292 3765 argumentorum
1343 3707 1636 3751 meorum
1684 3711 1833 3774 pars
1879 3692 1963 3754 ab
2010 3713 2090 3753 eo
2147 3692 2584 3754 adumbratur.
2665 3691 2851 3771 Quae
2898 3691 3125 3774 impro-

542 3793 756 3856 banda
816 3795 965 3857 mihi
1027 3796 1415 3870 viderentur,
1476 3820 1681 3882 pauca
1746 3802 1920 3883 apud
1976 3821 2126 3863 eum
2193 3802 2425 3874 inveni,
2492 3820 2772 3883 quorum
2820 3798 3131 3862 nonnulla

541 3912 769 3986 postea
816 3906 1366 3982 commemorabO,
1418 3919 1633 3971 cetera
1679 3910 1821 3992 ipse
1867 3910 2050 3974 facile
2096 3912 2397 3976 inveniet.

750 4015 791 4094 ἓ
848 4029 940 4076 12.
1034 4015 1293 4079 Eodem
1342 4019 1543 4081 modo
1590 4040 1666 4081 ac
1714 4021 1980 4083 Mitford
2028 4031 2093 4084 et
2137 4023 2246 4106 qui
2292 4042 2438 4083 eum
2486 4021 2687 4083 secuti
2720 4031 2887 4094 sunt,
2938 4019 3127 4083 Gros-

538 4142 642 4184 ser
686 4124 881 4202 docet
926 4122 1025 4185 bis
1072 4128 1458 4188 amnestiam
1525 4130 1945 4192 constitutam
2015 4141 2082 4194 et
2144 4132 2555 4194 iureiurando
2613 4137 2902 4193 sanctam
2965 4151 3128 4204 esse,

535 4234 816 4316 priorem
875 4235 1052 4315 pacis
1096 4234 1408 4299 Pausania
1468 4248 1732 4302 auctore
1796 4239 2002 4303 factae
2067 4241 2520 4304 condicionem
2581 4240 2794 4313 fuisse,
2857 4240 3130 4302 alteram

532 4341 704 4405 bello
750 4342 1080 4405 Eleusinio
1126 4342 1307 4408 finito
1353 4349 1681 4411 decretam
1729 4370 1868 4413 esse
1915 4350 2021 4424 ita,
2091 4362 2162 4414 ut
2223 4353 2394 4437 prior
2453 4361 2799 4436 augeretur
2856 4360 2920 4412 et
2981 4359 3131 4411 tum

531 4471 763 4524 Omnes
825 4453 1287 4530 AthenienseS,
1355 4478 1471 4521 eos
1534 4480 1832 4547 quoque,
1906 4463 2014 4548 qui
2076 4484 2115 4527 a
2175 4463 2387 4556 priore
2461 4466 2697 4536 diserte
2736 4463 2989 4533 exclusi
3035 4477 3135 4523 es-
