3459 5050
1820 306 1905 382 48

569 518 924 590 intellectiS,
976 519 1091 581 nisi
1143 517 1307 579 forte
1355 517 1461 580 hic
1508 517 1646 599 ipse
1702 517 1828 580 iam
1878 517 2214 581 obscurius
2263 524 2652 587 narraverat,
2703 535 2932 577 omnes
2980 514 3164 576 inter·

569 626 774 692 sectos
821 649 962 691 esse
996 612 1339 715 putaverit.
1429 626 1661 689 Melius
1692 637 1914 690 autem
1950 628 2305 690 secundum
2343 646 2555 689 meam
2591 645 2784 708 quam
2812 625 3168 687 secundum

570 737 867 800 Grosseri
938 738 1327 803 sententiam
1398 737 1877 818 intelleguntur,
1939 757 2105 818 quae
2183 737 2497 799 [socrates
2569 736 2692 799 VII
2762 736 2847 816 67
2919 744 3166 802 narrat:

575 845 855 923 »αὐτοὺς
898 847 1054 924 τοὺς
1101 847 1540 922 αἰτιωτάτους
1595 854 1735 912 τῶν
1797 853 2023 911 κακῶν
2086 843 2508 922 ἀνελόντεςι,
2577 866 2727 909 nam
2772 845 3167 929 superlativo

566 959 1044 1029 crudelissimos
1115 969 1180 1023 et
1246 959 1570 1042 principes
1633 979 1862 1021 eorum
1923 968 2292 1021 monstrare
2359 958 2652 1033 videtur,
2726 976 2875 1019 cum
2935 976 3163 1020 omnes

569 1070 793 1149 melius
840 1070 1122 1152 positivo
1171 1070 1586 1132 nominentur
1629 1075 1773 1132 τῶν
1819 1076 2045 1133 κακῶν
2091 1066 2304 1141 αἴτιοι,
2354 1077 2423 1131 ut
2466 1068 2693 1150 Lysias
2740 1067 2861 1159 XII
2898 1069 2975 1145 85
3015 1067 3168 1128 dicit

578 1178 768 1255 »τοὺς
814 1182 1140 1264 μεγίστων
1181 1185 1408 1243 κακῶν
1453 1176 1737 1253 αἰτίους(
1790 1188 1854 1241 et
1901 1179 2277 1242 Andocides
2322 1179 2350 1241 1
2394 1194 2513 1258 90:
2579 1190 2752 1252 »τοῖς
2797 1177 3159 1260 τριάκοντα

569 1340 582 1358 .
613 1341 628 1358 .
659 1342 673 1357 .
705 1332 716 1357 1.
746 1342 760 1356 .
808 1305 945 1366 τοῖς
988 1293 1314 1374 μεγίστων
1361 1297 1587 1353 κακῶν
1633 1287 1926 1365 altenag«.

779 1402 925 1464 Non
984 1421 1139 1464 vero
1204 1411 1521 1482 repugnat
1582 1401 1747 1463 haec
1805 1404 2129 1464 sententia
2189 1402 2300 1474 eiS,
2348 1420 2515 1481 quae
2562 1398 2934 1481 Xenophon
2978 1398 3149 1461 dicit.

568 1512 984 1594 Quamquam
1032 1509 1226 1586 »τοὺς
1255 1510 1372 1594 μὲν
1422 1511 1863 1595 στρατηγούς(
1900 1521 1965 1574 et
2003 1524 2175 1586 »τοῖς
2206 1510 2272 1575 δὲ
2301 1503 2558 1585 ἄλλοις(
2596 1509 2916 1581 discernit,
2947 1518 3169 1572 tamen

573 1640 658 1686 ex
703 1623 804 1685 his
849 1622 1062 1684 verbis
1106 1643 1235 1684 non
1281 1622 1645 1685 necessarie
1689 1622 2097 1684 concluditur
2141 1623 2446 1684 omnibus
2506 1621 2738 1684 ceteris
2784 1640 3162 1703 persuasum

564 1748 725 1808 esse,
789 1743 860 1795 ut
931 1733 993 1794 in
1043 1733 1268 1794 urbem
1318 1733 1813 1795 reverterentur.
1912 1732 2241 1812 Quoniam
2290 1752 2549 1814 semper
2595 1732 2879 1794 breviter
2926 1738 3161 1804 narrat,

567 1840 762 1908 etiam
808 1843 934 1906 hoc
979 1842 1125 1906 loco
1172 1843 1472 1906 omittere
1504 1844 1718 1927 potuit
1751 1864 2116 1925 perpaucos
2148 1854 2372 1907 tamen
2403 1844 2467 1905 in
2500 1843 2726 1905 urbem
2761 1861 2891 1903 non
2923 1840 3162 1903 redisse

565 1960 678 2017 aut
741 1974 871 2024 non
921 1964 1220 2037 receptos
1268 1974 1428 2017 esse.
1525 1953 1812 2017 Omnino
1856 1974 1984 2016 non
2035 1975 2280 2028 omneS,
2331 1955 2442 2035 qui
2489 1965 2912 2035 tyrannorum
2960 1950 3162 2034 partis

566 2063 835 2139 fue-rant,
900 2066 1143 2128 redisse
1189 2065 1475 2127 ostendit
1522 2064 1824 2126 Batrachi
1872 2065 2264 2148 exemplum,
2318 2065 2496 2146 quod
2528 2063 2889 2146 apudeyS.
2938 2062 3031 2125 VI
3077 2073 3158 2139 45

566 2177 857 2253 traditur.
948 2177 1046 2238 Ne
1093 2195 1246 2237 vero
1292 2174 1445 2237 mihi
1494 2175 1760 2236 obiicias
1785 2156 2109 2237 ‘Eleusine
2155 2196 2239 2237 ex
2287 2175 2447 2237 urbe
2502 2175 2776 2236 obsessa
2838 2172 3161 2234 neminem

567 2286 848 2366 effugere
918 2287 1228 2368 potuisse,
1302 2285 1741 2348 Athenienses
1798 2296 1970 2349 certe
2032 2288 2357 2349 neminem
2423 2285 2690 2348 invitum
2757 2284 2821 2345 in
2886 2283 3159 2365 patriam

566 2397 772 2458 redire
834 2403 1209 2477 coegerunt,
1261 2396 1376 2457 sed
1422 2396 1694 2459 libenter
1737 2396 2085 2477 effugiendi
2136 2396 2507 2460 facultatem
2558 2394 2894 2466 dederunt,
2948 2413 3158 2474 neque

567 2507 841 2570 multum
901 2528 1125 2570 eorum
1185 2507 1493 2571 interesse
1540 2508 1758 2589 potuit
1817 2508 2014 2571 etiarn
2059 2517 2312 2571 ceteros
2353 2506 2793 2588 trigintaviros
2862 2502 3156 2574 interimi,

567 2619 948 2703 praesertim
1010 2638 1158 2680 curn
1217 2618 1394 2681 omni
1452 2619 1748 2700 potentia
1808 2628 1875 2680 et
1936 2620 2238 2682 omnibus
2304 2618 2539 2699 opibus
2582 2616 2815 2700 privati
2862 2616 3155 2677 Atticam

566 2728 881 2809 fugerent.
973 2729 1207 2790 Mirum
1254 2738 1474 2790 autern
1522 2737 1694 2790 esset
1761 2728 2288 2811 Xenophontem,
2337 2729 2389 2790 si
2435 2733 2658 2790 revera
2702 2725 3156 2806 trigintaviros

568 2859 797 2901 omnes
843 2839 1135 2902 sublatos
1181 2859 1322 2900 esse
1372 2840 1628 2901 narrare
1676 2838 2003 2914 voluisset,
2052 2839 2178 2902 hoc
2220 2839 2367 2901 loco
2412 2838 2502 2899 uti
2549 2837 2752 2899 verbo
2784 2835 3151 2918 στρατηγοί.

781 2949 1032 3030 Quibus
1080 2950 1162 3011 de
1205 2948 1430 3022 causiS,
1481 2949 1534 3012 si
1581 2950 1708 3011 iarn
1754 2950 2095 3012 verisimile
2146 2958 2245 3011 est
2275 2969 2403 3010 non
2452 2966 2679 3009 omnes
2728 2939 3158 3027 interemptos

565 3080 726 3133 esse,
790 3069 968 3122 certo
1026 3069 1419 3140 argumento
1479 3060 1639 3121 haec
1703 3061 2024 3121 sententia
2092 3059 2470 3130 firmabitur,
2542 3066 2893 3140 postquam
2967 3056 3160 3118 etiam

566 3170 795 3250 magiS,
860 3163 1053 3252 quam
1118 3169 1331 3231 adhuc
1379 3168 1625 3232 factum
1677 3179 1794 3244 est,
1842 3169 2497 3233 demonstraverimus
2542 3188 2734 3229 unam
2781 3168 3159 3230 amnestiam

565 3279 892 3342 decretam
940 3297 1081 3341 esse
1126 3289 1279 3362 post
1321 3280 1491 3342 hanc
1545 3279 2034 3361 expeditionem
2082 3289 2148 3340 et
2194 3280 2275 3340 ad
2309 3299 2452 3341 eam
2487 3279 2948 3352 iusiurandum,
2984 3277 3158 3360 quod

564 3390 942 3451 Andocides
1003 3389 1029 3451 I
1098 3406 1187 3468 90
1256 3389 1541 3463 exhibet,
1633 3390 2038 3452 referendum
2114 3410 2276 3467 esse,
2338 3410 2469 3471 quo
2514 3389 2891 3470 trigintaviri
2943 3397 3008 3451 et
3052 3409 3157 3449 un-

573 3499 906 3562 decimviri
967 3500 1053 3562 ab
1114 3500 1466 3562 amnestiae
1530 3498 1845 3562 beneficio
1903 3501 2281 3561 nominatim
2341 3500 2788 3573 excluduntur,
2855 3500 2921 3561 id
2984 3498 3159 3582 quod

573 3609 706 3671 fieri
755 3628 883 3670 non
931 3610 1163 3691 potuit,
1213 3610 1264 3671 si
1311 3609 1491 3671 alteri
1537 3608 1849 3672 interfecti
1899 3621 2130 3672 essent.
2213 3611 2596 3674 Videbimus
2645 3611 2842 3673 etiam
2890 3618 3160 3690 propter

567 3721 804 3801 Lysiae
864 3720 1190 3782 orationes
1247 3719 1434 3782 XXV
1494 3730 1559 3783 et
1623 3720 1903 3783 XXXIV
1952 3721 2293 3784 verisimile
2362 3741 2504 3783 esse
2569 3720 2693 3783 hos
2759 3719 3057 3782 homines
3098 3738 3156 3779 a·

567 3830 880 3892 mnestiae
928 3841 1230 3909 expertes
1277 3830 1552 3911 patriam
1599 3830 1860 3912 fugisse.

779 3940 1115 4002 Praeterea
1172 3949 1398 4002 autem
1471 3950 1743 4022 propter
1808 3962 1903 4016 ea,
1972 3962 2141 4024 quae
2200 3942 2430 4022 Lysias
2486 3940 2606 4003 XII
2657 3952 2736 4021 35
2789 3939 2959 4013 dicit,
3011 3957 3156 4000 cum

563 4050 1018 4131 Frohbergero
1072 4050 1134 4112 in
1183 4051 1600 4114 annotatione
1646 4052 1729 4113 ad
1777 4051 1949 4114 hunc
1993 4052 2207 4114 locum
2239 4051 2688 4124 dubitaverim,
2740 4070 2894 4111 num
2927 4068 3154 4112 omnes

563 4162 789 4243 viginti
851 4170 916 4223 et
976 4160 1262 4243 quinque
1323 4162 1578 4241 tyranni
1640 4161 1943 4224 Eleusine
1991 4161 2224 4246 fuerint
2282 4164 2386 4235 ita,
2450 4171 2520 4224 ut
2582 4181 2809 4223 ornnes
2868 4158 3148 4223 interimi

561 4272 910 4353 potuerint.
961 4270 1137 4332 Dicit
1166 4271 1335 4332 enim
1361 4271 1590 4353 Lysias
1622 4271 1808 4334 haec:
1868 4266 2042 4336 »ὅσοι
2074 4272 2141 4336 δὲ
2170 4271 2340 4355 ξένοι
2369 4270 2803 4356 ἐπιδημοῦσιν,
2839 4267 3150 4345 εἴσονται,

563 4380 851 4464 πότερον
905 4369 1148 4454 ἀδίκως
1216 4378 1372 4455 τοὺς
1439 4380 1798 4466 τριάκοντα
1859 4379 2371 4467 ἐκκηρύττουσιν
2438 4380 2510 4447 ἐκ
2582 4387 2719 4446 τῶν
2784 4380 3047 4444 πόλεων
3113 4371 3153 4464 ἢ

567 4492 902 4570 δικαίωςιι,
949 4502 1117 4578 quae
1150 4490 1346 4556 verba
1378 4490 1749 4557 difficillima
1780 4501 1933 4558 sunt
1974 4492 2059 4555 ad
2104 4492 2628 4577 intellegendum,
2675 4491 2727 4557 si
2774 4489 3154 4575 trigintaviri
