3459 5050
1611 264 1688 329 33

355 464 759 541 amnestiam,
790 464 966 546 pacis
1013 462 1464 527 condicionem
1513 461 1705 531 fuisse
1754 465 2005 537 doceat,
2057 461 2237 527 multi
2285 440 2523 535 autem,
2589 481 2759 544 quos
2805 459 2947 523 illos

350 575 522 639 viros
567 574 800 638 doctos
846 575 926 637 ad
975 575 1261 658 priorem
1305 575 1687 637 amnestiam
1737 593 1924 637 suam
1985 573 2393 638 revocavisse
2453 580 2735 655 oportet,
2791 563 2938 654 'qui-

348 686 474 748 bus
520 686 662 749 luce
709 685 937 748 clarius
984 693 1299 767 appareat
1343 693 1497 766 post
1540 684 1834 748 exsulum
1868 685 2145 751 reditum
2175 683 2562 747 amnestiam
2607 683 2694 745 ab
2740 681 2937 747 Athe·

351 795 684 858 niensibus
760 795 915 877 ipsis
962 796 1292 859 decretam
1337 816 1496 865 esse.
1592 794 1789 876 Quod
1838 796 2037 861 sensit
2089 792 2311 868 Grote,
2349 794 2472 877 qui
2525 794 2589 855 in
2643 792 2945 863 historiae

353 903 664 968 Graeciae
710 905 996 971 editione
1026 905 1559 978 New-Yorkiana,
1621 907 1804 978 1861,
1854 905 1979 972 vol.
2003 904 2162 977 ‚VIII
2208 925 2270 986 p.
2309 919 2438 984 279
2470 904 2553 971 de
2583 903 2763 987 pacis
2795 923 2936 982 con·

352 1016 720 1079 dicionibus
749 1016 940 1078 dicit:
983 1016 1145 1079 »and
1175 1015 1318 1081 that
1364 1037 1449 1079 no
1496 1035 1646 1079 man
1686 1014 1920 1078 should
1953 1016 2038 1079 be
2081 1014 2399 1079 molested
2445 1014 2546 1081 for
2589 1024 2741 1100 past
2784 1025 2939 1089 acts,

351 1135 595 1208 except
638 1125 750 1188 the
798 1125 1049 1206 Thirty,
1100 1126 1212 1189 the
1257 1126 1498 1189 Eleven
1546 1127 1674 1190 and
1721 1124 1834 1190 the
1880 1125 2043 1200 Ten,
2108 1125 2256 1189 who
2317 1123 2445 1189 had
2504 1126 2834 1207 governed
2880 1126 2944 1189 in

351 1236 687 1305 Peiraeus‹
742 1246 805 1298 et
868 1258 928 1318 p.
996 1239 1156 1305 280:
1231 1237 1487 1317 ›Again
1550 1236 1802 1301 Eleusis
1867 1237 2138 1311 became
2193 1236 2649 1318 incorporated
2706 1236 2771 1298 in
2833 1235 2944 1299 the

353 1367 535 1410 same
580 1349 984 1429 community
1029 1345 1181 1409 with
1240 1346 1516 1419 AthenS‚
1586 1345 1775 1409 oaths
1836 1345 2209 1426 of.;mutual
2261 1355 2564 1429 amnesty
2621 1347 2752 1411 and
2809 1345 2945 1427 hag-

354 1476 556 1538 mony
602 1457 802 1538 being
847 1477 1058 1519 sworn
1104 1457 1193 1537 by
1238 1478 1434 1538 every
1484 1477 1674 1528 one«,
1724 1467 1791 1520 et
1837 1467 2070 1541 postea
2129 1477 2192 1539 p.
2257 1472 2422 1536 292:
2489 1457 2583 1519 >It
2643 1477 2775 1521 was
2834 1455 2946 1520 the

352 1567 489 1630 first
534 1589 829 1631 measure
872 1568 949 1634 of
983 1567 1430 1649 Thrasybulus
1496 1567 1622 1629 and
1680 1564 1782 1629 his
1835 1568 2278 1651 companianS,
2337 1565 2499 1659 after
2554 1566 2945 1649 concluding

350 1678 463 1742 the
509 1687 722 1761 treaty
754 1679 907 1742 with
951 1677 1328 1750 PausaniaS,
1379 1680 1508 1741 and
1555 1677 1704 1740 thus
1751 1678 2126 1759 reentering
2156 1676 2269 1744 the
2300 1678 2453 1760 city,
2502 1687 2573 1740 to
2604 1677 2949 1761 exchange

352 1788 602 1853 solemn
653 1789 841 1854 oaths
901 1788 979 1852 of
1014 1782 1335 1870 amnesty
1362 1787 1462 1851 for
1520 1788 1631 1851 the
1679 1798 1828 1870 past
1896 1787 2052 1851 with
2133 1787 2322 1857 those
2401 1788 2664 1869 against
2728 1788 2947 1871 whom

353 1899 511 1980 they
569 1898 702 1962 had
754 1898 889 1979 just
950 1898 1118 1961 been
1178 1908 1247 1961 at
1291 1919 1437 1961 war.
1553 1898 1807 1962 Similar
1853 1898 2043 1963 oaths
2103 1896 2180 1961 of
2226 1908 2526 1979 amnesty
2582 1918 2750 1977 were
2809 1899 2947 1963 also

357 2010 740 2092 exchanged
784 2010 939 2073 with
986 2009 1175 2072 those
1223 2010 1286 2071 in
1333 2009 1603 2081 EleusiS,
1656 2027 1738 2072 as
1776 2028 1940 2072 soon
1998 2030 2069 2071 as
2134 2009 2275 2072 that
2317 2020 2489 2072 town
2558 2030 2744 2073 came
2810 2010 2946 2075 into

354 2120 519 2187 their
563 2141 802 2202 power.
899 2119 1044 2183 The
1091 2120 1247 2201 only
1292 2140 1565 2202 persons
1611 2121 1933 2202 excepted
1998 2120 2165 2182 from
2225 2118 2356 2185 this
2417 2130 2717 2203 amnesty
2776 2141 2947 2187 were

352 2231 463 2301 the
511 2231 762 2312 Thirty,
814 2231 925 2294 the
964 2231 1211 2297 Eleven
1249 2278 1261 2292 .
1293 2280 1307 2296 .
1338 2281 1352 2296 .
1382 2281 1396 2295 .
1446 2230 1576 2292 and
1622 2229 1737 2292 the
1783 2228 1925 2292 Ten
1973 2228 2122 2293 who
2165 2229 2296 2293 had
2331 2231 2659 2310 governed
2705 2231 2768 2293 in
2815 2230 2947 2295 Pei·

354 2361 557 2403 raeuS.
652 2340 833 2403 Even
882 2340 1064 2403 these
1111 2358 1382 2422 persons
1427 2359 1596 2403 were
1643 2342 1762 2402 not
1803 2340 2266 2423 peremptorily
2312 2339 2662 2409 banished:
2710 2361 2944 2424 oppor-

351 2450 567 2533 tunity
612 2471 747 2514 was
794 2451 1039 2515 offered
1086 2460 1155 2514 to
1188 2451 1371 2515 them
1404 2460 1475 2514 to
1507 2468 1696 2513 come
1741 2450 1804 2512 in
1837 2450 1965 2513 and
2013 2450 2165 2515 take
2197 2432 2363 2515 their
2393 2450 2532 2515 trial
2577 2449 2651 2515 of
2675 2472 2944 2516 accoun-

352 2564 672 2646 tability‹.
750 2563 830 2626 -E
878 2564 1114 2648 quibus
1162 2584 1291 2627 non
1335 2585 1457 2646 pro
1520 2573 1698 2632 certo
1746 2563 2040 2634 dixerim,
2087 2582 2258 2647 quae
2305 2556 2529 2626 Grotei
2573 2561 2765 2627 fuerit
2809 2584 2945 2627 sen·

352 2674 571 2737 tentia.
665 2675 914 2742 Primus
960 2674 1160 2745 locus,
1213 2675 1319 2758 qui
1368 2696 1486 2760 per
1531 2695 1603 2744 se
1650 2674 1886 2736 eodem
1919 2693 2111 2735 sensu
2141 2671 2442 2762 explicari
2469 2682 2706 2755 potest,
2749 2695 2947 2759 quem

350 2785 563 2847 solum
625 2795 870 2848 rectum
926 2805 1069 2848 esse
1130 2793 1197 2847 et
1265 2784 1392 2847 iam
1459 2785 1737 2847 vidimus
1809 2793 1875 2847 et
1943 2783 2328 2858 videbimus,
2390 2792 2611 2846 tamen
2680 2794 2948 2869 propter

349 2894 474 2957 loci
522 2896 692 2958 tertii
739 2896 939 2960 verba
985 2896 1267 2958 indicare
1316 2896 1574 2958 videtur
1619 2904 1954 2958 auctorem
2015 2894 2399 2960 amnestiam
2460 2895 2641 2974 pacis
2701 2895 2945 2960 habere

348 3006 817 3071 condicionem.
910 2980 1133 3070 Te'rtio
1177 3013 1398 3070 autem
1446 3004 1610 3079 loco,
1678 3015 1751 3068 ut
1818 3003 2279 3076 difficultatem,
2341 3013 2540 3092 quam
2608 3005 2943 3082 Mitfordio

352 3124 418 3177 et
443 3115 553 3188 eis,
591 3117 701 3200 qui
735 3137 885 3179 eum
919 3124 1291 3202 sequuntur,
1319 3115 1581 3178 obstare
1620 3115 1821 3178 modo
1856 3115 2461 3191 demonstravimus,
2489 3117 2738 3193 vitaret,
2766 3119 2949 3181 addi-

347 3222 443 3284 dit
487 3233 639 3305 post
670 3222 967 3287 exsulum
1014 3224 1291 3287 reditum
1323 3225 1735 3309 Thrasybulo
1781 3234 2044 3292 auctore
2090 3225 2501 3292 iureiurando
2560 3227 2942 3314 amnestiam

347 3343 640 3396 sanctam
689 3353 849 3407 esse,
904 3332 1098 3397 refert
1142 3336 1338 3417 igitur
1381 3336 1508 3399 huc
1554 3336 1831 3418 Nepotis
1894 3336 2111 3399 locum
2166 3356 2361 3419 supra
2421 3336 2818 3417 exscriptum
2877 3347 2946 3400 et

238 3503 249 3506 ᾗ
347 3443 707 3506 iuramenta
750 3444 928 3525 apud
976 3443 1394 3508 Andocidem
1438 3454 1690 3509 servata
1735 3430 1991 3509 et'alios
2022 3446 2204 3510 locos
2235 3446 2489 3509 multos,
2582 3446 2685 3530 Eo
2717 3456 2939 3513 autem

344 3553 430 3616 ab
478 3552 850 3616 hominibus
896 3554 1025 3616 iarn
1072 3556 1283 3618 citatis
1327 3556 1557 3630 differt,
1625 3557 1806 3640 quod
1867 3576 2000 3619 non
2061 3556 2257 3636 docet
2315 3554 2617 3622 Eleusine
2680 3568 2941 3641 recepta

344 3664 732 3735 amnestiam
781 3663 1077 3729 iteratam
1127 3675 1195 3729 et
1250 3675 1506 3729 auctam
1555 3686 1718 3743 esse,
1767 3667 1884 3729 sed
1929 3675 2179 3732 tantum
2228 3686 2377 3730 curn
2425 3667 2535 3744 eiu,
2585 3669 2695 3752 qui
2752 3669 2937 3754 Eleu·

344 3774 485 3835 sine
534 3773 822 3846 fuissent,
871 3776 1440 3841 communicatam.
1534 3776 1681 3862 Qua
1729 3776 1810 3839 de
1858 3796 2055 3839 causa
2099 3775 2261 3839 haec
2309 3777 2367 3839 ei
2413 3797 2544 3848 non
2585 3788 2696 3848 cst
2740 3779 2940 3843 altera

344 3884 678 3956 amnestia,
726 3885 846 3946 sed
906 3886 1198 3962 eiusdem
1246 3888 1602 3950 amnestiae
1665 3887 1963 3949 decretae
2022 3896 2209 3950 actus
2270 3888 2454 3971 quasi
2515 3888 2675 3964 alter
2733 3890 2938 3956 altero

343 3995 571 4068 minor,
620 4014 831 4079 neque
878 4004 1161 4058 statuere
1209 4006 1431 4079 potest
1473 4015 1618 4060 eam
1664 3997 1864 4059 etiam
1921 3996 2374 4078 trigintaviros,
2440 3999 2933 4075 undecimviros,

339 4104 742 4168 decemviros
804 4107 1214 4189 complexam
1278 4126 1439 4173 esse.
1555 4106 1746 4194 Quae
1826 4103 2054 4169 Grotei
2114 4108 2455 4183 sententia,
2531 4130 2932 4195 quamquam

338 4213 570 4277 melior
635 4214 906 4279 fortasse
971 4224 1069 4279 est
1127 4238 1325 4299 quarn
1386 4236 1614 4278 omnes
1672 4227 1927 4288 ceterae
2001 4224 2066 4277 et
2122 4215 2351 4282 allatae
2407 4228 2475 4281 et
2535 4220 2920 4294 afferendae,

337 4335 562 4389 tamen
604 4327 809 4409 accipi
857 4347 1271 4411 nequaquam
1315 4337 1554 4410 potest,
1603 4329 1756 4411 quia
1804 4329 2013 4393 nullus
2061 4338 2161 4393 est
2206 4327 2403 4403 locus,
2456 4352 2590 4414 quo
2651 4333 2734 4395 ad
2781 4352 2927 4395 eam

330 4436 750 4510 adducamur,
797 4437 1170 4521 Xenophon
1213 4448 1432 4504 antem
1476 4448 1544 4501 et
1587 4439 1869 4504 Iustinus
1914 4450 1980 4504 et
2024 4440 2129 4505 alii
2177 4459 2324 4502 eam
2371 4441 2631 4521 probari
2678 4452 2918 4517 vetant,

547 4562 785 4625 Lubbert,
826 4563 890 4613 de
925 4565 1184 4615 amnestia.
1894 4606 1900 4615 .
2533 4579 2563 4630 3
