3459 5050
1786 332 1871 412 36

537 538 881 607 miiestiam
928 544 1314 615 decrevisse,
1350 542 1486 605 eius
1533 546 1854 608 sententia
1888 547 2039 608 mihi
2090 547 2447 618 obstarent,
2482 545 2678 627 quod,
2727 548 3128 625 quamquam

538 674 661 737 pro
704 664 884 717 certo
950 656 1376 718 demonstrari
1433 675 1564 718 non
1622 676 1819 738 posse
1866 657 2042 719 inira*
2083 657 2445 719 videbimus
2491 654 2556 738 (ξ
2599 655 2731 734 2ι),
2778 653 3124 733 probabili-

535 765 685 827 tatis
757 765 1112 846 quidquam
1170 765 1409 828 habere
1481 765 1714 847 negari·
1774 788 1906 830 non
1975 776 2212 850 potest.
2311 765 2444 829 Sed
2514 782 2604 827 ne*
2655 763 2817 826 haec
2864 764 3126 843 quidem

536 875 856 965 sententia
918 875 1044 939 ullo
1101 875 1247 938 loco
1312 875 1618 942 firmatur.
1712 877 1924 939 Im‘mo
2008 879 2135 942 iam
2219 879 2500 943 vidimus
2563 882 2838 956 ‘propter
2905 873 3124 949 Iustini

534 985 732 1047 verba
785 984 1171 1048 »interiectis
1215 986 1875 1050 diebuscverisimile
1921 1009 2061 1052 esse
2109 991 2308 1052 breve
2356 986 2795 1050 intercessisse
2838 994 3119 1068 tempuS,

497 1114 747 1187 ,neque
794 1098 972 1179 quod
1003 1092 1375 1180 Xenophon
1424 1098 1578 1160 dicit
1628 1092 1930 1180 »ὑστέρῳ
1946 1098 2206 1184 χρόνῳ(
2260 1108 2487 1163 contra
2518 1096 2685 1169 facit,
2738 1114 2893 1158 nam
2927 1095 3121 1159 etiam

535 1206 618 1267 de
678 1207 871 1268 rebus
927 1208 1124 1290 paulo
1184 1218 1335 1291 post
1389 1208 1589 1287 gestis
1650 1205 1812 1269 haec
1873 1208 2072 1269 ‘verba
2128 1206 2416 1273 adhiberi
2475 1195 2782 1288 possunt,
2844 1205 3125 1284 exempli

538 1316 748 1395 gratia
804 1315 1010 1384 Tliuc,
1060 1317 1122 1380 V
1173 1334 1208 1380 2
1219 1332 1313 1398 7,1
1355 1318 1543 1385 dicit:
1601 1313 1702 1381 »αἱ
1736 1315 2325 1401 πεντηκοντούτας
2356 1315 2628 1380 σπονδαὶ
2674 1313 2976 1398 ἐγένοντο
3019 1314 3125 1378 καὶ

531 1419 889 1512 ὕστὲρον
930 1421 972 1510 ἡ
1017 1428 1397 1512 ξυμμαχὶαι,
1457 1447 1656 1512 quam
1702 1410 1903 1508 paulo
1946 1437 2097 1510 post
2146 1427 2382 1491 factam
2429 1447 2570 1489 esse
2614 1446 2763 1489 cum
2811 1426 2950 1488 aliis
2979 1444 3126 1486 con-

534 1546 663 1599 stat
708 1538 849 1598 tum
897 1558 995 1612 ec,
1047 1539 1224 1622 quod
1271 1539 1333 1601 V
1381 1555 1483 1616 24,
1536 1554 1571 1600 2
1619 1539 1756 1623 ipse
1791 1534 1973 1603 dicit:
2025 1533 2108 1621 ἰἦ
2141 1524 2471 1621 ξυμμαχία
2515 1535 2771 1619 ἐγένετο
2798 1533 2962 1619 μετὰ
3007 1532 3126 1609 τὰς

535 1643 824 1721 σπονδὰς
872 1643 950 1712 οὐ
995 1651 1227 1731 πολλῷ
1271 1641 1606 1734 ὓστερονι.
1698 1649 1930 1733 Neque
1974 1650 2037 1710 in
2071 1650 2262 1711 rebus
2309 1649 2466 1731 ipsis'
2496 1657 2613 1721 est,
2663 1669 2777 1710 cur
2808 1648 2891 1709 de
2922 1647 3119 1727 longo

532 1768 831 1840 tempore
880 1759 1248 1821 intermisso
1294 1759 1678 1839 cogitemus,
1775 1759 1866 1822 Ut
1930 1759 2359 1839 tringintaviri
2408 1759 2839 1820 mercenarios
2887 1757 3123 1818 condu-

537 1877 772 1943 cerent,
837 1887 967 1933 non
1027 1867 1227 1949 longo
1273 1878 1569 1954 tempore
1616 1889 1784 1953 opus
1830 1880 1987 1945 erat,
2038 1870 2414 1949 praesertim
2479 1889 2627 1930 cum
2696 1887 2826 1930 non
2873 1867 3124 1955 veridis-

535 1977 742 2039 simile
787 1978 871 2042 sit
915 1999 1030 2045 eos
1076 1980 1523 2052 mercenariOS,
1574 1998 1742 2062 quos
1789 1979 2128 2060 Lysander
2196 1964 2599 2042 conduxerat
2643 1979 2832 2060 (Xen.
2881 1977 3024 2043 hell.
3071 1975 3129 2037 11

532 2091 715 2170 4,29)
775 2099 841 2153 et
903 2108 1068 2170 quos
1125 2109 1287 2171 pace
1348 2087 1519 2152 facta
1573 2100 1685 2153 aut
1742 2090 1826 2153 ab
1884 2111 1966 2155 eo
2011 2091 2155 2172 ipso
2203 2099 2316 2152 aut
2365 2109 2405 2151 a
2449 2089 2766 2152 Pausania
2826 2088 3127 2150 dimissos

535 2196 675 2261 esse
722 2211 1226 2264 consentaneum
1275 2210 1389 2273 est,
1442 2220 1666 2263 eorum
1715 2182 1926 2262 castra
1972 2200 2153 2283 sequi
2203 2201 2643 2284 paratissimos
2690 2199 2883 2261 fuisse
2914 2208 2999 2267 ,et
3044 2199 3125 2259 ab

536 2310 648 2382 eis,
715 2310 826 2397 qui
884 2308 1563 2377 Lacedaemoniorum
1622 2297 1858 2375 auxilio
1916 2331 1987 2373 se
2052 2302 2398 2373 destitutos
2456 2310 2768 2381 viderent,
2833 2308 3129 2370 mercede

537 2419 900 2484 conductos
935 2438 1096 2489 esse.
1187 2420 1291 2485 De
1340 2421 1601 2499 duob-us
1632 2421 1810 2494 locis,
1863 2422 2096 2505 quibus
2126 2419 2400 2484 Grosser
2431 2421 2671 2493 nititur,
2722 2417 2885 2481 infra
2919 2421 2988 2502 (ἓ
3022 2418 3103 2479 26

535 2532 655 2593 erit
703 2520 1190 2616 disputandum.
1436 2537 1446 2568 *
2379 2525 2390 2530 ’

743 2641 1145 2706 Addendum
1192 2642 1319 2708 iam
1363 2642 1468 2707 hie
1511 2652 1611 2706 est
1656 2643 1848 2717 aliud,
1900 2664 2031 2727 quo
2092 2643 2227 2706 eius
2285 2644 2606 2708 sententia
2670 2663 2800 2705 non
2864 2663 3126 2725 prorsus

533 2745 859 2826 refellitur,
909 2753 1087 2834 quod
1133 2760 1354 2820 tamen
1401 2771 1599 2835 quam
1654 2754 1940 2818 maxime
1986 2772 2134 2818 eam
2192 2737 2411 2819 reddit*
2460 2763 2847 2837 suspectam.
2957 2753 3128 2815 Inter

531 2859 758 2924 omnes
804 2845 1021 2937 locos,'
1056 2861 1167 2946 qui
1214 2862 1397 2932 multi
1444 2865 1801 2928 amnestiae
1862 2866 2260 2960 mentionem
2309 2863 2572 2938 faciunt,
2626 2884 2707 2926 ne
2758 2885 2923 2926 unus
2992 2864 3123 2947 qui-

530 2969 680 3035 dem
726 2971 1067 3046 invenitur,
1118 2973 1228 3056 qui
1275 2973 1441 3036 duas
1481 2976 1832 3038 amnestias
1879 2975 2120 3040 indicet
2165 2984 2278 3040 aut
2332 2970 2527 3038 etiam
2576 2971 2893 3037 Grossero
2941 2975 3122 3037 inter-

529 3090 715 3160 prete
752 3097 759 3110 ·
791 3081 1075 3144 indicare
1144 3083 1271 3176 dici
1341 3085 1566 3167 possit.
1683 3085 1900 3166 Quam
1969 3084 2419 3161 difficultatem
2488 3105 2548 3176 p.
2616 3101 2697 3148 22
2763 3105 2844 3147 eo
2902 3085 3158 3146 tollere·

530 3199 818 3263 conatur,
889 3193 1066 3274 quod
1133 3194 1561 3273 posteriorem
1629 3205 1766 3257 tam
1836 3196 2014 3278 parvi
2099 3196 2412 3260 momenti
2480 3193 2675 3264 fuisse
2743 3194 2985 3268 statuit,
3055 3202 3124 3256 ut

529 3301 912 3385 plerumque
957 3301 1275 3382 neglecta
1301 3304 1403 3365 sit.
1501 3303 1650 3379 Sed,
1703 3316 1773 3367 ut
1820 3306 1904 3367 de
1960 3306 2229 3388 singulis
2290 3314 2520 3390 postea
2581 3306 2829 3390 loquar,
2895 3306 3119 3368 miran-

527 3408 684 3473 dum
733 3421 909 3473 certe
958 3422 1056 3473 est
1099 3432 1232 3487 e03,
1269 3414 1380 3497 qui
1412 3412 1579 3477 hanc
1629 3428 2164 3492 commemorent,
2215 3415 2565 3499 neglegere
2598 3415 2865 3478 alteram
2913 3416 3113 3496 gravi-

530 3542 710 3584 orem
756 3532 821 3584 et
865 3542 1112 3593 omneS,
1164 3523 1275 3607 qui
1322 3524 1489 3588 hanc
1536 3526 1899 3606 respiciant,
1959 3527 2198 3589 diserte
2260 3526 2491 3599 dicere,
2553 3528 2813 3609 quando
2862 3527 3123 3589 decreta

531 3633 633 3705 sit,
681 3633 944 3715 quando
992 3632 1093 3694 ina
1137 3633 1399 3702 decreta
1444 3636 1542 3709 sit,
1594 3636 1711 3697 nisi
1756 3637 2129 3699 coniectura
2161 3631 2443 3701 'inveniri
2490 3656 2623 3699 non
2657 3625 2885 3716 posse.

740 3742 996 3823 Quibus
1038 3743 1109 3803 ‘in
1157 3745 1526 3812 universum
1571 3745 1944 3827 praemissis
1987 3747 2221 3827 singuli
2269 3746 2414 3820 loci,
2467 3745 2703 3829 quibus
2747 3747 2843 3807 vir
2891 3747 3120 3808 doctus

526 3873 711 3915 suam
771 3855 1158 3918 sententiam
1215 3854 1453 3920 firmari
1518 3857 1960 3919 demonstrare
2027 3867 2298 3920 conatur
2360 3857 2463 3920 vel
2529 3877 2693 3942 quos
2755 3859 2973 3937 potius
3041 3876 3121 3918 ex

528 3983 646 4025 sua
693 3965 1014 4057 sententia
1057 3965 1534 4044 interpretatur,
1585 3966 2011 4050 perlustrandi
2060 3978 2227 4035 sunt.

740 4075 781 4154 ἓ
841 4089 935 4151 13.
1031 4073 1163 4140 Sed
1211 4085 1563 4160 antequam
1611 4077 1693 4138 ad
1742 4078 1996 4157 singula
2037 4079 2398 4143 accuratius
2447 4078 2843 4141 recensenda
2886 4087 3118 4141 transe-

532 4195 737 4259 amm,
784 4204 988 4268 pauca
1036 4184 1311 4248 dicenda
1356 4196 1505 4248 sunt
1552 4187 1633 4249 de
1677 4188 1802 4251 alia
1849 4190 2245 4272 quaestione,
2298 4209 2464 4274 quae
2530 4209 2679 4250 cum
2740 4199 2962 4252 nostra
3007 4208 3122 4268 per

528 4314 600 4356 se
650 4312 779 4357 non
827 4294 1149 4369 cohaeret,
1203 4316 1399 4379 quam
1445 4307 1665 4361 tamen
1713 4296 1989 4378 Grosser
2032 4300 2386 4364 arctissime
2448 4320 2595 4362 cum
2656 4320 2734 4362 ea
2792 4299 3122 4362 coniunxit

527 4404 702 4477 et,in
751 4424 878 4488 qua
925 4405 1392 4470 dissertationis
1439 4406 1859 4471 fundamenta
1923 4408 2161 4493 posuit,
2228 4410 2680 4494 quaestionem
2744 4410 2890 4471 dico
2927 4391 3116 4474 'illam
