3459 5050
1840 266 1938 342 ,28

586 483 670 545 de
716 503 912 546 causa
953 481 1333 565 saepissime
1380 480 1593 542 solum
1638 479 1913 542 verbum
1961 473 2146 560 ὅρκοι
2212 489 2419 543 totam
2469 478 2840 562 pactionem
2906 474 3181 558 amplec-

502 613 519 625 ·
587 593 756 671 titur,
823 594 974 679 quia
1031 592 1181 654 huic
1241 591 1445 661 verbo
1511 609 1773 671 semper
1834 590 2438 672 subintellegendae
2495 598 2645 651 sunt
2700 585 2765 652 αἱ
2824 590 3177 671 συνθῆκαι,

593 725 765 788 quae
812 704 905 766 eis
950 704 1340 782 sanciuntur.
1434 701 1664 785 Neque
1713 701 1925 762 minus
1994 700 2144 763 licet
2213 702 2355 764 solo
2427 700 2630 763 verbo
2702 700 3030 783 συνθῆκαι
3074 718 3184 780 pa-

590 834 733 876 cem
781 808 1164 895 significare,
1212 813 1365 894 quia
1410 819 1476 874 et
1537 809 1660 873 hae
1709 810 1930 892 omnia
1998 812 2361 884 continent,
2428 811 2663 893 quibus
2717 808 2988 872 servatis
3049 827 3185 891 pax

549 934 895 987 servatur.
992 924 1214 1004 Atque
1278 921 1606 1002 quoniam,
1674 929 1747 982 ut
1806 941 2003 1004 supra
2069 922 2674 993 demonstravimuS,
2736 918 3181 985 iusiurandum

589 1054 852 1116 semper
897 1054 1044 1096 curn
1093 1032 1509 1117 libationibus
1557 1031 1975 1094 coniunctum
2024 1041 2180 1106 erat,
2233 1053 2364 1095 non
2412 1051 2555 1095 raro
2614 1052 2735 1114 pro
2777 1042 2914 1104 τοῖς
2961 1024 3181 1114 ὅρκοις

591 1153 920 1227 ponuntur
962 1140 1027 1224 αἱ
1075 1142 1368 1226 σπονδαί,
1419 1151 1488 1204 ut
1532 1161 1664 1221 pax
1699 1153 1812 1205 aut
1866 1145 2239 1227 »συνθῆκαι
2281 1143 2391 1207 καὶ
2422 1142 2730 1208 σπονδαί(
2777 1150 3063 1213 vocetur,
3112 1149 3183 1202 ut

592 1255 798 1320 Thuc,
844 1255 909 1317 V
951 1256 1047 1330 18,
1093 1271 1155 1335 9,
1201 1260 1313 1314 aut
1357 1251 1568 1314 solum
1622 1253 1996 1339 »ostendat«,
2048 1253 2227 1334 quod
2260 1274 2408 1316 cum
2440 1253 2616 1335 apud
2648 1251 2806 1315 alios
2837 1251 3188 1334 scriptores

593 1365 922 1455 invenitur·
959 1374 1096 1426 tum
1145 1363 1510 1427 sexcenties
1558 1364 1733 1444 apud
1782 1362 2255 1445 Thucydidem.

803 1476 1051 1549 Restat,
1101 1483 1173 1536 ut
1217 1493 1620 1556 quaeramuS,
1671 1475 1816 1555 quis
1863 1474 2243 1556 plerumque
2289 1483 2492 1557 pacta·
2526 1472 2746 1536 fecerit
2778 1473 3049 1553 quisque
3094 1471 3188 1532 iuss

594 1587 846 1669 raverit.
925 1585 1035 1647 Ad
1082 1605 1312 1667 pacem
1361 1583 1720 1648 faciendam
1777 1584 2177 1665 singularum
2225 1585 2503 1668 partium
2567 1583 2818 1664 legatos
2877 1583 2940 1645 in
2989 1601 3188 1644 unam

593 1698 820 1783 urbem
864 1697 1248 1759 convenisse
1309 1705 1376 1758 et
1438 1705 1949 1761 consentaneum
1998 1704 2097 1757 est
2142 1705 2209 1758 et
2255 1696 2582 1760 traditum.
2679 1694 2875 1756 Anno
2921 1709 3043 1770 421
3099 1691 3183 1754 ad

593 1828 846 1891 pacem,
898 1827 1066 1888 quae
1113 1828 1150 1869 a
1195 1806 1380 1868 Nicia
1445 1826 1684 1868 nomen
1748 1805 1911 1878 tulit,
1986 1804 2345 1869 faciendam
2394 1803 2907 1868 Atheniensium.
2952 1810 3187 1865 cetera-

595 1939 868 2003 rumque
930 1919 1262 1983 civitatum
1318 1917 1574 1998 legatos
1632 1915 1937 1999 Spartam
2004 1917 2394 1979 convenisse.
2432 1936 2468 1978 e
2529 1915 2736 1980 Tbuc,
2798 1913 2863 1974 V
2919 1928 2993 1992 17
3043 1932 3184 1994 sqq.

593 2029 1066 2091 demonstravit
1115 2025 1356 2095 Ullrich
1403 2027 1730 2110 (Beitrage
1778 2047 1888 2089 zur
1935 2026 2300 2106 Erklarung
2348 2027 2476 2089 und
2522 2025 2738 2089 Kritik
2783 2025 2899 2096 des
2945 2022 3184 2096 Thuk„

596 2159 809 2220 progr.
874 2138 1233 2220 Hamburg.
1309 2138 1493 2208 1862,
1558 2159 1620 2219 p.
1665 2155 1708 2214 4
1752 2141 1873 2222 sq.)
1933 2138 2315 2218 ibidemque¹
2359 2157 2473 2199 eos
2519 2136 2717 2218 paulo
2763 2144 2913 2218 post
2960 2133 3192 2197 foedus

594 2249 1054 2320 conciliavisse.
1106 2249 1303 2311 Anno
1348 2264 1489 2326 420
1538 2247 1770 2311 foedus
1817 2248 1982 2310 inter
2023 2246 2465 2311 Athenienses
2496 2257 2563 2310 et
2589 2226 2898 2328 Argivos,
2934 2244 3186 2308 ·Manti-

596 2380 884 2432 neenseS,
948 2360 1142 2422 Eleos
1191 2358 1471 2420 Athenis
1534 2359 1736 2421 ictum
1785 2379 1927 2425 esse
1974 2357 2183 2422 Thuc.
2230 2358 2293 2421 V
2338 2358 2427 2436 46
2471 2358 2643 2421 dicit.
2741 2356 2904 2437 Quis
2960 2365 3179 2419 autem

594 2470 657 2533 in
705 2470 886 2553 pacis
918 2469 1116 2532 verba
1162 2469 1415 2544 iuraret,
1451 2469 1834 2553 plerumque
1882 2469 1944 2532 in
1975 2455 2486 2542 condicionibuS,
2522 2467 2906 2551 συνθήκαις,
2952 2475 3193 2529 statue·

595 2581 841 2647 batur.·
898 2581 1152 2643 Eodem
1217 2581 1417 2642 modo
1478 2589 1676 2662 atque
1734 2580 1909 2659 apud
1974 2580 2181 2646 Thoe.
2231 2580 2324 2642 1V
2377 2596 2498 2659 119
2560 2561 2738 2659 apud
2797 2577 3079 2641 eundem
3127 2577 3191 2638 V

606 2709 682 2771 19
731 2700 796 2754 et
844 2707 926 2769 24
988 2691 1201 2753 eidem
1262 2690 1476 2771 legati,
1540 2691 1648 2771 qui
1714 2690 2130 2753 condiciones
2190 2698 2717 2772 composuerunt,
2785 2688 3192 2751 iureiurando

603 2822 716 2864 eas
762 2802 1075 2873 sanciunt,
1126 2800 1234 2883 qui
1285 2809 1560 2882 utroque
1614 2800 1762 2863 loco
1808 2801 2137 2883 utriusque
2169 2802 2447 2864 civitatis
2491 2809 2643 2863 sunt
2687 2800 2880 2880 legati
2913 2808 3192 2879 septem·

603 2911 830 2974 decim.
926 2912 1140 2974 Etiam
1189 2912 1366 2990 apud
1412 2911 1576 2973 Xen.
1626 2910 1771 2976 hell.
1824 2911 1885 2973 V
1941 2928 1990 2985 1,
2042 2927 2122 2989 32
2172 2910 2387 2992 legati,
2450 2911 2561 2993 qui
2611 2909 2880 2992 Spartae
2929 2910 3185 2980 adsunt,

603 3022 1043 3084 iusiurandum
1099 3022 1274 3092 dant,
1343 3029 1410 3083 et
1473 3022 1646 3084 idem
1693 3022 1766 3085 fit
1812 3023 1894 3087 ib.
1942 3023 2051 3096 VI,
2106 3027 2190 3099 3,‘
2232 3039 2324 3102 19.
2425 3020 2769 3084 Sollemnis
2831 3029 3054 3082 autem
3097 3019 3187 3081 iu-

603 3132 783 3194 randi
841 3152 985 3193 mos
1046 3139 1205 3203 erat,
1268 3140 1339 3193 ut
1401 3132 1464 3193 in
1520 3131 1805 3213 singulas
1862 3133 2155 3195 civitates
2227 3132 2587 3211 legationes
2655 3130 3064 3192 mitterentur
3123 3138 3188 3191 et

601 3263 819 3305 coram
867 3239 966 3302 his
1010 3242 1422 3323 magistratus
1468 3242 1750 3304 civitatis
1804 3243 2245 3305 iusiurandum
2293 3242 2542 3310 darent.
2637 3240 2785 3322 Qua
2847 3240 2931 3301 de
2991 3258 3190 3302 causa

601 3354 776 3432 apud
833 3351 1038 3414 Thuc.
1103 3351 1166 3414 V
1225 3369 1330 3433 47.
1379 3369 1421 3431 9
1478 3350 1976 3425 Atheniensium
2033 3363 2295 3415 senatus
2356 3362 2423 3415 et
2481 3352 2893 3433 magistratus
2955 3350 3182 3421 iurare,

599 3471 911 3543 prytanes
958 3451 1401 3524 iusiurandum
1461 3461 1757 3544 accipere
1820 3462 2119 3525 iubentur
2183 3472 2249 3525 et
2306 3462 2995 3525 similiter-ceterarum
3042 3460 3184 3522 civi-

601 3582 809 3635 tatum
857 3572 1295 3652 magistratus,
1372 3571 1740 3654 Xenophon
1798 3572 1891 3635 VI
1946 3586 1998 3651 5,
2050 3588 2083 3650 3
2135 3582 2349 3636 narrat
2413 3571 2849 3635 Athenienses
2910 3571 3180 3652 legatos,

607 3683 799 3758 »τοὺς
846 3677 1222 3766 ὁρκωτάςι,
1274 3682 1353 3744 in'
1382 3682 1670 3762 singulas
1735 3682 1928 3744 urbes
1974 3682 2281 3756 emisisse,
2344 3702 2561 3744 coram
2613 3683 2849 3764 quibus
2894 3700 3184 3743 summos

597 3793 933 3856 civitatum
999 3793 1428 3875 magistratu3‚
1503 3789 1625 3856 »τὰ
1664 3791 1933 3875 μέγιστα
1977 3791 2195 3877 τέληι,
2243 3793 2568 3855 iuravisse.
2663 3793 2734 3854 In
2760 3791 2829 3854 C.
2858 3792 2903 3853 Ι.
2933 3791 3072 3854 Α.Ι
3114 3812 3179 3872 p.

602 3918 673 3980 31
738 3903 1228 3985 praescribitur:
1299 3899 1456 3965 »τὸν
1500 3900 1566 3964 δὲ
1627 3896 1848 3986 ὁῖρκον
1908 3899 2135 3986 ὀμόσαι
2165 3898 2531 3988 Ἀθηναίων
2574 3902 2691 3986 μὲν
2737 3899 2886 3986 τὴν]
2935 3899 3182 3984 βουλὴν

596 4013 704 4076 καὶ
749 4035 790 4076 τ
823 4050 897 4061 --
929 4051 1014 4059 —-
1055 4038 1188 4085 -ι,
1238 4012 1320 4074 ib.
1358 4011 1416 4073 11
1446 4029 1509 4091 p.
1539 4028 1618 4092 23
1670 4012 1855 4075 inscr.
1900 4025 1976 4091 52
2008 4022 2269 4075 senatus
2301 4013 2799 4095 compluresque
2833 4010 3182 4073 Athenien-

594 4123 760 4184 sium
808 4122 1225 4202 magistratus
1271 4121 1480 4184 iurare
1528 4121 1835 4184 iubentur
1880 4133 1945 4201 et
1978 4124 2152 4185 idem
2198 4122 2330 4186 fieri
2363 4125 2617 4200 videtur
2664 4125 2749 4187 ib.
2793 4146 2856 4207 p.
2891 4138 2979 4200 40
3024 4122 3178 4187 inse.

593 4249 698 4311 90.
734 4231 824 4293 Ib.
864 4231 954 4292 IV
986 4250 1048 4312 p.
1091 4247 1174 4293 20
1206 4240 1462 4312 praeter
1491 4240 1790 4294 senatum
1822 4242 2171 4314 praetores,
2227 4227 2337 4321 »[ἡ’
2364 4257 2437 4300 τε
2472 4233 2677 4319 βουλὴ
2704 4236 2815 4299 καὶ
2860 4230 2918 4297 οἱ
2964 4234 3181 4318 σ]τρα-

593 4343 837 4425 τηγοὶι,
907 4341 1116 4403 iurare
1182 4340 1497 4433 iubentur.
1589 4343 1662 4405 In
1728 4341 2159 4425 inscriptione,
2231 4365 2427 4426 quam
2476 4345 2720 4408 Kohler
2766 4345 2803 4406 l.
2852 4344 2889 4410 l.
2936 4363 2997 4424 p.
3059 4361 3181 4425 139

593 4452 827 4528 edidit,
895 4458 1211 4514 statutum
1265 4461 1400 4519 est:
1466 4447 1752 4536 »ὀμόσαῂ
1800 4450 1888 4537 ope
1938 4465 2076 4529 τοῖς
2112 4449 2409 4540 [ἥκουσιν
2440 4454 2651 4540 Χίοις]
2696 4453 2815 4538 μὲν
2866 4453 2997 4537 τὴμ
3041 4456 3183 4534 βου·
