3459 5050
1581 306 1662 371 79

322 511 529 575 multo
575 510 783 590 magis
816 507 1057 572 factum
1092 517 1245 571 erat.
1325 507 1569 570 Nonne
1601 507 1796 571 etiam
1830 507 2136 569 orationis
2179 507 2428 570 initium
2462 509 2675 571 verbis
2726 504 2910 572 »ἀνα·

321 619 854 705 μιμνησκομένοις
898 626 1035 684 τῶν
1078 616 1560 702 γεγενημένων(
1612 638 1826 701 neque
1873 618 2189 700 particula
2234 616 2386 682 τότε
2430 620 2652 681 addita
2698 640 2909 702 neque

324 731 450 794 alio
496 732 813 814 temporis
855 731 1050 811 signo
1093 737 1413 794 monstrat
1459 731 1540 794 de
1590 732 1781 793 rebus
1844 731 1950 811 agi
2013 748 2142 792 non
2204 728 2611 811 longinquis?
2660 729 2920 810 Quibus

325 842 407 904 de
456 842 663 907 causis
708 842 862 903 mihi
909 839 1435 903 verisimillimum
1485 856 1625 903 esse
1667 841 1921 903 videtur
1965 840 2087 902 sub
2130 838 2326 902 finem
2375 842 2525 902 anni
2572 855 2697 917 402
2746 840 2912 904 hanc

326 954 688 1015 orationem
733 951 1022 1015 habitam
1072 971 1230 1013 esse.

476 1121 486 1133 ‚
539 1061 851 1125 Consulto
897 1062 1108 1125 adhuc
1174 1061 1432 1142 neglexi
1479 1065 1519 1142 ἓ
1566 1079 1643 1140 9:
1700 1060 1863 1126 »Εἰσὶ
1923 1059 1987 1124 δὲ
2033 1056 2283 1154 οἵτινες,
2325 1066 2463 1126 τῶν
2525 1056 2916 1127 Ἐλευσῖνάδε

327 1169 909 1257 ἀπογραψαμένων
939 1170 1326 1255 ἐξελθόντες
1355 1167 1506 1255 μεθ’
1546 1167 1733 1254 ὑμῶν
1778 1168 2209 1255 ἐπολιόρκουν
2239 1170 2396 1246 τοὺς
2439 1168 2590 1255 μεθ’
2634 1168 2917 1247 αὖτῶνι,

331 1282 414 1347 de
463 1296 602 1365 quo¹
641 1285 786 1346 loco
835 1284 1107 1346 multum
1156 1283 1320 1346 inter
1366 1284 1536 1345 viros
1568 1284 1801 1346 doctos
1842 1284 2239 1364 disputatum
2271 1291 2388 1356 est,
2423 1304 2460 1345 e
2508 1304 2638 1364 quo
2670 1303 2917 1356 omneS,

334 1395 632 1476 quamvis
677 1395 761 1457 de
792 1394 1320 1478 interpretatione
1373 1393 1817 1471 dissentirent,
1872 1413 1990 1477 pro
2037 1401 2215 1457 certo
2263 1392 2628 1456 habuerunt
2673 1392 2921 1456 elucere

332 1514 485 1588 post
551 1503 856 1567 Eleusina
926 1513 1371 1585 recuperatam
1442 1503 1609 1567 hanc
1677 1505 2041 1567 orationem
2108 1502 2398 1566 habitam
2466 1524 2639 1577 esse,
2712 1503 2921 1566 donec

330 1615 606 1678 Grosser
652 1616 803 1678 diss.
852 1615 888 1676 l.
926 1635 987 1696 p.
1037 1630 1102 1676 11
1146 1624 1212 1678 et
1253 1616 1317 1676 in
1364 1634 1508 1677 ann.
1561 1614 1669 1696 ph.
1715 1623 1782 1676 et
1829 1635 1890 1696 p.
1937 1614 1974 1676 l.
2025 1613 2061 1676 1.
2113 1614 2310 1677 etiarn
2355 1613 2481 1676 hoc
2523 1633 2692 1676 nova
2736 1614 2920 1676 inter·
3010 1600 3015 1601 ⁷

332 1726 700 1808 pretatione
743 1724 997 1805 prolata
1045 1726 1325 1805 negavit.

544 1835 742 1916 Quod
772 1844 990 1898 autem
1022 1835 1249 1900 attinet
1281 1836 1364 1898 ad
1411 1835 1599 1897 huius
1629 1835 1753 1897 loci
1782 1834 2125 1897 lectionem
2160 1834 2447 1910 dubiam,
2475 1834 2631 1898 mihi
2659 1834 2918 1916 quidem

330 1968 484 2016 cum
526 1947 828 2010 omnibus
876 1946 1007 2009 fere
1053 1946 1201 2009 viris
1249 1947 1457 2009 doctis
1506 1945 1968 2008 recentioribus
2012 1945 2202 2015 lectio
2246 1944 2540 2025 vulgata:
2600 1943 2919 2030 »ἐπολιορ-

326 2067 571 2123 κοῦντο
613 2052 752 2140 μετ’
798 2056 1056 2121 αὐτῶνι
1111 2057 1453 2120 reiicienda
1483 2056 1742 2118 videtur
1800 2064 1868 2117 et
1914 2055 2218 2118 Scheibei
2276 2056 2675 2119 coniectura:
2746 2054 2923 2121 »ἑπο-

330 2168 641 2253 λιόρκουν
671 2166 826 2242 τοὺς
871 2162 1021 2250 μεθ’
1053 2162 1316 2231 abt-obv«
1369 2166 1766 2250 accipienda,
1819 2184 2029 2247 neque
2064 2186 2212 2228 mea
2244 2166 2561 2229 sententia
2592 2166 2924 2229 Francken

330 2289 398 2343 et
447 2277 710 2361 Sauppe
777 2278 1126 2349 habebant,
1190 2298 1304 2339 cur
1360 2276 1998 2356 interpretationibus
2054 2275 2591 2339 artificiosissimis
2641 2286 2924 2340 etrecte

329 2389 713 2472 improbatis
758 2388 1101 2451 lectionem
1144 2387 1473 2470 vulgatam
1520 2365 1957 2450 defenderent.
2046 2386 2216 2449 Nam
2264 2406 2395 2448 non
2444 2385 2922 2467 neglegendum

336 2509 474 2564 erat
513 2500 681 2564 hanc
725 2500 931 2583 ipsam
979 2499 1349 2564 coniectura
1394 2497 1691 2562 effectam
1736 2517 1898 2573 esse,
1946 2497 2097 2580 quia
2143 2497 2357 2560 codex
2402 2496 2480 2571 X,
2532 2517 2568 2560 e
2612 2518 2744 2580 quo
2792 2497 2923 2561 reli-

332 2632 502 2693 quos
550 2631 779 2674 omnes
828 2610 1155 2673 derivatos
1202 2630 1344 2673 esse
1379 2609 1646 2691 Sauppe
1694 2609 1833 2690 ipse
1881 2609 1944 2670 in
2000 2607 2315 2691 »epistola
2361 2607 2583 2670 critica
2628 2608 2710 2669 ad
2753 2605 2921 2673 God.

331 2722 845 2794 Hermannumc,
881 2740 938 2787 a.
979 2724 1167 2797 1841,
1203 2720 1693 2793 demonstravit,
1730 2718 1998 2781 exhibet
2027 2717 2371 2781 lectionem
2417 2714 2924 2802 ἐπολιορκοῦντο

327 2826 482 2915 μεθ’
527 2826 770 2909 αὐτῶν,
841 2851 1009 2915 quae
1054 2830 1271 2893 nescio
1317 2851 1398 2893 an
1446 2851 1576 2893 non
1624 2829 1829 2892 multo
1861 2827 2179 2891 difficilius
2227 2849 2310 2891 ex
2351 2848 2429 2891 ea
2475 2829 2751 2907 lectione
2785 2828 2920 2890 fieri

335 2942 645 3024 potuerit,
694 2960 889 3021 quam
940 2939 1217 3004 Scheibe
1265 2941 1560 3013 restituit,
1607 2959 1804 3023 quam
1854 2959 1937 3001 ex
1982 2938 2102 3001 illa.

547 3052 801 3133 Quibus
845 3052 1158 3133 expositis
1205 3061 1276 3113 ut
1321 3070 1726 3131 quaeramus»,
1796 3049 2129 3129 quomodo
2187 3049 2348 3112 haec
2409 3049 2609 3111 verba
2671 3050 2917 3131 optime

331 3163 754 3244 explicentur,
803 3161 886 3223 de
933 3162 1148 3224 verbis
1201 3168 1373 3224 »τῶν
1419 3156 1814 3225 Ἐλευσῖνάδε
1860 3156 2470 3242 ἀπογραψαμένων(
2522 3159 2919 3241 explicandis

334 3273 649 3336 assentior
693 3272 1166 3353 Frohberger0‚
1215 3273 1322 3354 qui
1372 3272 1645 3334 coniecit
1692 3270 1886 3332 haec:
1934 3289 2081 3331 cum
2140 3289 2301 3351 pace
2367 3290 2485 3351 per
2529 3270 2918 3333 Pausaniam

334 3384 498 3446 inter
545 3382 797 3445 exsules
844 3391 909 3444 et
955 3383 1237 3444 urbanos
1285 3382 1692 3445 reconciliata
1739 3381 1976 3442 diserte
2024 3388 2430 3452 statueretur,
2484 3389 2553 3442 ut
2599 3381 2691 3442 eis
2739 3380 2920 3442 urba-

331 3494 447 3566 niS,
497 3494 603 3574 qui
675 3493 796 3554 sibi
868 3501 1253 3563 metuerent,
1329 3492 1635 3555 Eleusina
1691 3492 1972 3573 migrare
2027 3491 2263 3563 liceret,
2322 3510 2570 3563 omneS,
2642 3491 2750 3571 qui
2797 3490 2921 3553 hac

334 3603 716 3666 condicione
763 3603 934 3664 usuri
983 3611 1182 3677 erant,
1231 3603 1494 3665 nomina
1538 3599 1810 3684 professi
1857 3610 2023 3672 sunt,
2074 3609 2139 3663 et
2187 3620 2262 3662 ea
2292 3600 2374 3662 de
2421 3619 2618 3662 causa
2660 3594 2921 3665 Ἐλευσῖ-

336 3712 490 3776 νάόε
554 3708 1099 3796 ἀπογραψάμενοι
1162 3713 1376 3775 vocari
1422 3720 1740 3794 poterant.
1818 3710 2027 3774 Aliter
2075 3710 2372 3784 Scheibe,
2422 3709 2919 3784 Rauchenstein,

337 3821 627 3895 Grosser,
681 3820 936 3884 Stutzer
982 3823 1328 3885 coniiciunt
1371 3823 1822 3904 trigintaviros,
1888 3841 2033 3884 cum
2079 3821 2399 3885 discordia
2445 3822 2610 3884 inter
2653 3823 2774 3884 tria
2814 3821 2921 3884 'illa

337 3933 505 3994 milia
572 3943 715 3995 orta
760 3932 1219 3995 intellexissent
1266 3935 1491 3996 urbem
1549 3932 1671 3995 sibi
1733 3931 1868 3994 fore
1930 3931 2438 4011 relinquendam,
2500 3951 2746 4005 omnes»,
2810 3933 2918 4013 qui

333 4043 636 4105 Eleusina
682 4063 752 4105 se
799 4044 980 4124 sequi
1028 4042 1283 4117 vellent,
1343 4043 1605 4106 nomina
1668 4044 1821 4103 dare
1880 4042 2169 4114 iussisse,
2240 4051 2305 4104 et
2364 4041 2484 4104 hos
2542 4041 2639 4104 his
2705 4042 2919 4128 verbis

334 4153 631 4234 spectari.
728 4152 1143 4234 Quamquam
1188 4154 1355 4217 hanc
1389 4153 1826 4215 coniecturam
1858 4151 2084 4214 falsam
2129 4171 2272 4214 esse
2317 4151 2740 4215 demonstrari
2787 4173 2918 4215 non

333 4271 572 4345 potest,
621 4272 840 4325 tamen
886 4283 1110 4345 parum
1159 4262 1502 4327 verisimile
1559 4272 1659 4324 est
1719 4272 2032 4343 tyrannos
2093 4262 2220 4324 iam
2285 4270 2476 4324 antea
2531 4260 2657 4323 hoc
2718 4262 2919 4324 modo

333 4373 579 4436 civibus
623 4374 982 4436 ostendisse
1027 4395 1098 4436 se
1142 4384 1447 4447 metuere,
1498 4394 1578 4435 ne
1625 4372 1708 4434 ab
1757 4373 1912 4454 ipsis
1959 4372 2117 4434 urbe
2164 4371 2657 4453 expellerentur,
2707 4392 2917 4453 neque

334 4484 638 4547 omnibus
682 4484 929 4547 civibus
975 4504 1117 4547 sese
1150 4483 1511 4563 confidere,
1558 4502 1711 4546 num
1743 4501 1898 4546 vero
1929 4491 2083 4567 post
2119 4483 2588 4549 dissensionem
2623 4491 2917 4548 exortam
