3459 5050
1757 344 1793 403 8

473 560 581 640 qui
629 579 829 641 saepe
876 555 935 622 οἱ
981 555 1052 622 ἐν
1098 559 1389 640 Πειραιεῖ
1429 557 1526 619 vel
1574 553 1632 620 οἱ
1679 555 1754 620 ἐκ
1801 552 2155 639 Πειραιέως
2203 563 2539 623 vocantur,
2587 553 2649 614 in
2722 550 2877 613 urbe
2939 550 3078 632 ipsa

470 669 814 731 decemviri
864 689 1010 730 cum
1059 669 1168 741 εἰς,
1232 669 1339 748 qui
1397 667 1953 751 'trigintavirorum
2016 674 2237 747 partes
2296 664 2704 745 reliquerant,
2770 660 3075 722 Eleusine

469 779 744 860 tyranni,
795 780 906 861 qui
954 780 1152 841 etiam
1200 790 1336 840 turn
1385 775 1443 841 οἱ
1506 772 1861 860 τριάκοντα
1909 784 2244 848 vocantur,
2310 795 2377 836 re
2447 793 2603 835 vera
2662 782 2901 843 autem,
2968 769 3075 830 ubi

469 889 837 970 plurimum,
885 889 1112 970 viginti
1190 890 1476 970 quinque
1525 897 1727 960 erant,
1797 887 1947 967 quia
2005 885 2482 947 Theramenem
2544 883 2781 944 scimus
2845 880 3076 958 capitis

470 999 851 1060 damnatum
900 1019 1061 1071 esse,
1113 998 1374 1061 Critiam
1427 1009 1490 1061 et
1540 997 2076 1081 Hippomachum
2122 1015 2347 1077 pugna
2396 991 2794 1064 interfectOS,
2845 991 3073 1052 Erato-

466 1109 772 1171 sthenem
821 1117 888 1171 et
933 1109 1292 1171 Phidonem
1326 1106 1604 1170 Athenis
1637 1117 1778 1170 tum
1829 1107 2232 1171 remansisse.
2329 1105 2591 1166 Interim
2652 1101 2946 1163 exsulum
3012 1100 3073 1159 in

469 1219 732 1280 Piraeeo
782 1219 1196 1281 collectorum
1246 1239 1551 1281 numerus
1603 1219 1809 1298 magis
1859 1218 2199 1298 magisque
2247 1225 2477 1277 auctus
2525 1224 2625 1275 est
2674 1224 2736 1274 et
2789 1211 3072 1273 urbanos

469 1330 702 1410 pressit
751 1330 1080 1412 (zo—27).
1191 1329 1340 1408 Qua
1402 1330 1484 1393 de
1542 1349 1738 1390 causa
1796 1348 1943 1390 curn
2011 1338 2075 1388 et
2135 1325 2517 1409 trigintaviri
2590 1333 2654 1386 et
2727 1320 3071 1393 decemviri

467 1438 720 1519 legatos
793 1438 1097 1521 Spartam
1171 1439 1513 1512 misissent,
1581 1440 1688 1520 qui
1757 1437 2065 1500 auxilium
2128 1445 2353 1497 contra
2424 1434 2681 1496 exsules
2752 1439 3068 1527 peterent,

468 1549 806 1629 Lysander
849 1549 1077 1623 effecit,
1130 1559 1200 1611 ut
1247 1550 1383 1631 ipse
1415 1550 1782 1611 harmostes
1830 1569 1979 1609 cum
2034 1547 2328 1629 pecunia,
2365 1565 2507 1629 ‚qua
2557 1543 2790 1604 milites
2833 1561 3069 1604 merce-

468 1660 682 1722 narios
731 1658 1140 1733 conduceret,
1194 1669 1259 1721 et
1305 1660 1508 1741 Libys
1537 1660 1729 1721 frater
1767 1677 1917 1720 cum
1949 1657 2378 1740 quadraginta
2410 1654 2682 1716 navibus
2730 1651 2836 1734 (cf.
2875 1650 3066 1712 Diod.

467 1769 623 1831 XIV
696 1771 874 1851 33,5)
919 1770 1157 1831 auxilio
1201 1771 1588 1832 mitteretur.
1687 1768 1814 1848 Qui
1865 1788 2023 1830 mox
2071 1766 2329 1829 exsules
2399 1785 2604 1846 usque
2667 1784 2746 1825 eo
2792 1763 3071 1824 victores

465 1888 812 1960 tantopere
858 1878 920 1939 in
967 1880 1301 1959 angustias
1349 1880 1779 1951 adduxerunt,
1834 1888 1903 1940 ut
1951 1878 2161 1940 omnis
2209 1877 2429 1939 salutis
2494 1895 2644 1956 spes
2708 1874 2835 1934 iam
2897 1871 3067 1933 vide-

470 1999 645 2050 retur
692 1989 949 2050 sublata
996 2009 1157 2063 esse,
1195 2009 1345 2051 cum
1374 1991 1460 2051 ab
1510 1989 1806 2051 hostibus
1841 1989 1997 2066 ipsis
2030 1988 2202 2051 salus
2236 1989 2325 2048 eis
2361 1986 2584 2047 oblata
2631 1993 2742 2046 est.
2789 1982 2798 1994 '
2839 1983 3067 2044 Pausa·

469 2098 610 2160 nias
655 2100 831 2160 enim
878 2119 990 2160 rex
1035 2100 1376 2181 Lysandro
1425 2100 1719 2162 invidens
1770 2119 1917 2160 cum
1964 2099 2251 2160 exercitu
2299 2099 2361 2157 in
2410 2097 2701 2158 Atticam
2739 2093 3069 2173 profectus

469 2217 568 2270 est
614 2218 679 2271 et
727 2210 861 2271 eius
910 2211 1143 2271 merito
1191 2211 1688 2272 Atheniensium
1739 2208 2106 2288 respublica
2151 2209 2365 2270 denuo
2433 2216 2572 2268 tum
2623 2205 2908 2266 instituta
2972 2211 3070 2263 est

470 2319 797 2401 (28—30).
893 2319 1307 2400 Quamquam
1358 2341 1504 2382 cum
1552 2319 1903 2392 exsulibuS,
1953 2320 2058 2398 qui
2091 2319 2425 2380 Piraeeum
2458 2316 2793 2387 tenebant,
2843 2331 3069 2373 manus

468 2449 806 2491 conserere
853 2438 1119 2491 coactus
1165 2440 1281 2502 est,
1330 2438 1550 2492 tamen
1599 2430 1660 2490 id
1708 2448 1968 2508 semper
2015 2429 2274 2507 agebat,
2349 2437 2417 2489 ut
2475 2426 2751 2489 reditum
2815 2424 2906 2484 eis
2961 2442 3068 2500 pa-

466 2539 780 2602 tefaceret
823 2540 886 2600 in
934 2541 1230 2619 patriam.
1326 2541 1444 2603 Per
1490 2541 1745 2621 legatos
1793 2541 1957 2602 clam
2008 2540 2238 2600 missos
2284 2559 2397 2600 eos
2459 2538 2753 2598 hortatus
2814 2546 2930 2605 est,
3000 2543 3069 2596 ut

467 2668 699 2727 pacem
745 2660 1059 2728 peterent,
1107 2661 1172 2713 et
1221 2653 1311 2713 eis
1361 2650 1692 2722 nuntiavit,
1745 2650 1979 2728 quibus
2028 2649 2517 2712 condicionibus
2565 2666 2696 2725 pax
2745 2644 3070 2725 impetrari

469 2770 711 2838 posset,
765 2759 1131 2839 eodemque
1181 2763 1382 2823 modo
1433 2760 1733 2831 urbanos,
1808 2760 1914 2838 qui
1978 2757 2496 2822 decemvirorum
2558 2757 3067 2818 dominationem

473 2868 745 2930 moleste
808 2871 935 2931 iam
998 2869 1306 2944 ferebant,
1369 2880 1436 2932 ut
1498 2888 1729 2948 pacem
1787 2880 2103 2948 peterent,
2174 2870 2550 2933 commovit.
2662 2868 2916 2948 Quibus
2978 2867 3061 2927 de

471 2981 681 3042 causis
728 2989 794 3042 et
841 2981 1098 3043 exsules
1145 2991 1211 3044 et
1273 2985 1498 3046 urbani
1560 2993 1625 3047 et
1685 2984 1882 3062 paulo
1945 2991 2098 3062 post
2168 2980 2514 3043 decemviri
2577 2979 2697 3058 ipsi
2762 2979 2842 3039 de
2906 2997 3068 3056 pace

470 3090 727 3171 legatos
777 3090 1080 3170 Spartam
1130 3094 1460 3166 miserunt,
1511 3096 1682 3155 unde
1733 3094 2103 3173 quindecim
2150 3093 2267 3154 viri
2315 3091 2486 3154 missi
2534 3099 2700 3161 sunt,
2753 3088 2859 3167 qui
2920 3106 3068 3148 cum

469 3201 782 3262 Pausania
827 3220 1060 3280 pacem
1108 3204 1591 3273 reconciliarent
1638 3205 1964 3287 (31—38).

582 3317 589 3323 '
682 3307 938 3391 Quibus
986 3314 1256 3376 narratis
1302 3314 1387 3374 ad
1434 3334 1543 3375 eas
1592 3334 1693 3375 res
1738 3314 2052 3384 venimuS,
2103 3333 2267 3394 quas
2314 3312 2724 3392 propositum
2774 3309 2933 3371 mihi
2968 3317 3068 3370 est

467 3419 590 3482 hac
623 3421 1073 3484 dissertatione
1104 3424 1465 3485 accuratius
1499 3433 1794 3497 tractare,
1827 3403 2040 3505 'pacta
2072 3424 2237 3496 dico,
2289 3422 2521 3503 quibus
2553 3419 3065 3483 Atheniensibus

469 3530 799 3592 exsulibus
848 3532 1071 3593 civitas
1121 3533 1372 3595 reddita
1419 3543 1485 3595 et
1531 3535 1881 3596 concordia
1930 3535 2225 3597 restituta
2273 3544 2393 3596 est.

680 3639 852 3720 Quia
883 3650 1102 3703 autem
1143 3643 1262 3703 viri
1294 3643 1470 3705 docti
1503 3645 1894 3707 recentiores
1928 3643 2297 3723 complures
2327 3652 2392 3704 et
2423 3642 2481 3704 ei
2514 3641 2800 3703 notiores
2832 3639 3063 3709 fonteS,

466 3749 700 3830 quibus
748 3748 872 3812 hae
920 3771 1022 3812 res
1069 3761 1422 3826 narrantur,
1474 3752 1633 3816 falso
1679 3755 2128 3836 explicuerunt
2173 3753 2272 3815 vel
2321 3762 2494 3815 certe
2557 3750 2801 3833 aliquid
2847 3749 3067 3812 intule-

464 3868 629 3931 runt,
681 3860 858 3941 quod
910 3861 972 3921 in
1022 3862 1112 3923 eis
1159 3882 1288 3924 non
1335 3863 1681 3937 invenitur,
1746 3865 2027 3945 primum
2091 3883 2308 3925 meum
2372 3872 2472 3924 est
2518 3862 2764 3934 fonteS,
2831 3860 3067 3942 quibus

465 3988 570 4030 me
618 3978 683 4031 et
730 3990 958 4033 omnes
1005 3972 1087 4034 de
1134 3969 1233 4032 his
1283 3972 1478 4034 rebus
1523 3973 1881 4036 scribentes
1929 3974 2043 4035 niti
2093 3982 2374 4052 oportet,
2427 3972 2733 4050 colligere
2797 3980 2863 4033 et
2906 3972 3065 4032 viro-

464 4098 604 4140 rum
652 4082 1082 4143 recentiorum
1129 4083 1463 4144 sententiis
1511 4091 1578 4144 et
1639 4083 2278 4165 interpretationibus
2313 4081 2622 4163 neglectis
2673 4081 2812 4142 sine
2859 4081 2952 4142 ira
2999 4091 3064 4142 et

462 4189 681 4251 studio
731 4211 925 4253 unam
975 4212 1286 4272 quaerere
1335 4202 1578 4255 rectam
1629 4214 1854 4256 eorum
1905 4195 2425 4277 explicationem,
2522 4191 2673 4272 Quo
2724 4190 2897 4254 facto
2959 4192 3065 4253 de-

460 4302 954 4363 monstrandum
1000 4303 1134 4376 erit,
1186 4303 1343 4385 quid
1392 4303 1448 4365 ei
1483 4305 1778 4377 doceant,
1826 4305 1935 4387 qui
1983 4306 2222 4367 nostris
2253 4302 2520 4366 saeculis
2556 4301 2720 4363 illius
2752 4302 3063 4384 temporis

460 4409 797 4474 historiam
840 4422 1275 4486 narraverunt,
1344 4413 1670 4495 falsaeque
1738 4434 1963 4498 eorum
2026 4414 2367 4497 opiniones
2429 4422 2616 4475 erunt
2660 4411 3065 4477 retutandae.

460 4520 714 4600 Quibus
763 4523 1019 4585 duobus
1068 4523 1392 4601 capitibus
1439 4525 1703 4586 tertium
1749 4533 1952 4587 restat
1998 4525 2504 4606 adiungendum.
2597 4524 2765 4585 Nam
2812 4532 3068 4606 praeter
