3459 5050
1816 174 1825 179 ,
2599 0 3023 213 N*

1386 246 1817 345 —62—
3026 218 3271 363 N

298 459 645 523 Sokrates«
689 464 807 542 pp.
860 461 943 538 36
988 468 1053 522 et
1097 460 1185 537 46
1230 460 1715 533 demonstravit,
1769 480 2164 540 quamquam
2197 461 2333 522 sine
2385 460 2586 523 dubio
2634 481 2715 522 eo
2764 470 2893 522 ma-

299 561 397 649 gis
445 569 854 653 popularium
904 571 1063 631 iram
1111 571 1436 642 excitavit,
1487 570 1637 651 quia
1681 571 2105 652 optimatium
2148 572 2348 654 partis
2391 569 2612 635 fuerat.

510 679 704 742 Certe
768 689 987 743 autem
1040 680 1482 743 Athenienses
1549 681 1859 743 adversus
1921 682 2277 745 amnestiae
2347 680 2764 742 condiciones
2808 689 2897 747 ¹et

297 793 675 864 iuramenta,
728 793 962 876 quibus
1010 809 1238 851 omnes
1286 810 1386 851 res
1431 798 1583 874 ante
1631 801 1811 854 actas
1857 812 2002 854 sese
2049 791 2361 854 oblivioni
2428 791 2693 852 daturos
2757 810 2897 852 esse

298 897 566 985 polliciti
610 912 812 975 erant,
856 902 1175 975 fecissent,
1223 903 1276 963 si
1306 902 1457 982 lege
1485 902 1880 975 statuissent,
1933 910 2002 963 ut
2048 902 2159 977 eiS,
2209 901 2320 982 qui
2353 900 2693 963 anarchiae
2741 910 2897 962 tem-

301 1033 457 1096 pore
505 1014 772 1094 equites
800 1012 1067 1074 fuissent
1112 1022 1226 1074 aut
1286 1032 1553 1075 munere
1614 1011 1825 1073 functi·
1880 1020 2112 1086 essent,
2205 1010 2535 1094 republica
2606 1011 2902 1072 restituta

299 1144 567 1186 munere
629 1122 811 1203 fungi
870 1143 1001 1185 non
1060 1123 1298 1197 liceret,
1364 1133 1433 1185 ut
1494 1122 1910 1203 Frohberger'
1963 1122 2201 1202 Lysiae
2259 1141 2350 1182 or.
2416 1120 2524 1184 sel.
2592 1120 2692 1182 ed.
2745 1121 2894 1185 mai.
2956 1126 2960 1130 *

298 1235 325 1294 Ι
373 1253 435 1312 p.
498 1234 620 1311 176
652 1242 717 1294 et
761 1234 860 1298 ed.
897 1235 1045 1296 min.
1099 1258 1160 1318 p.
1223 1251 1344 1313 139
1393 1242 1458 1295 et
1491 1230 1768 1294 Grosser
1810 1232 1850 1297 1.
1886 1231 1922 1292 l.
1962 1254 2022 1314 p.
2057 1243 2138 1309 45
2193 1231 2450 1296 docent.
2548 1229 2680 1292 Sed
2723 1250 2897 1292 vere·

300 1364 393 1416 or,
454 1363 535 1405 ne
595 1343 711 1404 viri
779 1343 951 1406 docti
1012 1364 1210 1406 unum
1271 1344 1504 1414 locum,
1570 1362 1705 1423 quo
1769 1343 2073 1414 nituntur,
2123 1340 2276 1421 LyS.
2328 1340 2543 1403 XXVI
2591 1359 2634 1420 9
2682 1349 2748 1425 et
2802 1356 2897 1414 10,

297 1452 459 1516 falso
506 1453 958 1520 intellexerint.
1053 1455 1286 1516 Nonne
1333 1453 1567 1534 Lysias
1609 1451 1738 1515 hoc
1785 1452 1931 1512 loco
1964 1451 2180 1533 spinas
2229 1432 2403 1513 vellit
2447 1442 2515 1513 et
2546 1450 2898 1530 legislatori

299 1563 694 1624 sententiam
742 1565 1037 1643 imputat,
1092 1583 1260 1643 quae
1308 1562 1457 1625 huic
1504 1563 1630 1643 ipsi
1676 1580 2031 1644 numquam
2093 1560 2157 1622 in
2206 1568 2493 1622 mentem
2539 1560 2751 1623 venit?
2801 1561 2902 1623 Ea

301 1673 526 1763 verba,—
571 1692 737 1752 quae
766 1673 907 1735 sola
952 1673 1225 1736 Grosser
1270 1694 1306 1734 e
1352 1676 1437 1753 ἐξ
1470 1689 1511 1751 9
1560 1680 1626 1733 et
1675 1687 1760 1733 20
1805 1670 2041 1744 laudat,
2091 1679 2345 1733 tantum
2393 1671 2598 1744 abest,
2636 1680 2707 1734 ut
2736 1670 2906 1733 hanc

303 1782 739 1865 suspicionem
772 1783 1139 1864 infringant,
1192 1792 1262 1844 ut
1294 1802 1439 1844 eam
1474 1790 1775 1861 augeant,
1826 1800 1979 1843 nam
2011 1780 2240 1846 verba:
2297 1776 2372 1845 »ὁ
2413 1782 2557 1856 θεὶς
2587 1779 2709 1847 τὸν
2757 1782 2906 1864 περὶ

3272 364 3385 413 κϊ
3428 388 3429 417 ζ

302 1900 440 1957 τῶν
487 1893 883 1976 δοκιμασιῶν
925 1892 1129 1976 νόμον
1171 1889 1289 1974 οὐχ
1347 1888 1584 1976 ἥκιστα
1630 1893 1780 1976 περὶ
1825 1899 1964 1956 τῶν
2027 1889 2099 1956 ἐν
2159 1889 2495 1979 ὀλιγαρχίᾳ
2554 1888 2907 1976 ἀρξάντων

299 1998 488 2067 ἕνεκα
555 1998 819 2087 ἔθηκεν,
866 1997 1231 2086 ἡγούμενος
1278 2001 1492 2067 δεινὸν
1538 1997 1724 2079 εἶναι,
1774 2002 1829 2066 εἰ
1875 1997 1954 2066 δι>
2000 1986 2135 2077 οὓς
2180 1997 2220 2084 ἦ
2265 2002 2661 2085 δημοκρατία
2725 2024 2905 2066 κατε-

303 2113 517 2190 λύετο,
563 2105 745 2177 οὗτοι
791 2111 863 2177 ἐν
908 2109 1078 2195 αὐτῇ
1121 2116 1206 2196 τῇ
1250 2113 1545 2201 πολιτείᾳ
1588 2112 1794 2176 πάλιν
1856 2105 2154 2197 ἄρξουσι(
2208 2112 2364 2174 mihi
2426 2112 2692 2193 quidem
2752 2112 2906 2175 indi-

303 2244 453 2285 care
498 2224 798 2285 videntur
843 2224 1284 2304 legislatorem
1331 2223 1458 2285 hoc
1494 2224 1729 2286 diserte
1777 2244 1907 2286 non
1953 2223 2273 2296 statuisse,
2310 2236 2537 2303 neque'
2563 2233 2678 2296 est,
2729 2223 2908 2303 quod

303 2333 385 2395 de
451 2333 597 2414 lege
669 2344 819 2416 post
893 2333 1446 2414 trigintavirorum
1518 2334 1938 2414 oligarchiam
2005 2333 2284 2396 solutam
2330 2333 2461 2395 lata
2521 2332 2907 2412 cogitemus·

303 2446 508 2506 Recte
554 2444 694 2507 sola
736 2443 980 2506 laudari
1028 2452 1333 2526 poterant
1376 2444 1767 2528 paragraphi
1813 2444 2102 2505 decimae
2161 2444 2363 2506 verba
2392 2442 2589 2512 haec:
2644 2440 2732 2505 »εἰ
2791 2439 2912 2525 μὲν

305 2554 384 2639 δὴ
441 2554 820 2634 βουλεύσων
878 2555 1027 2620 νυνὶ
1087 2554 1501 2639 ἐδοκιμάζετο
1564 2556 1673 2619 καὶ
1730 2548 1821 2629 ὡς
1881 2551 2288 2628 ἱππευκότος
2334 2548 2555 2616 ἀὐτοῦ
2620 2549 2726 2615 ἐπὶ
2772 2559 2911 2616 τῶν

303 2664 664 2750 τριάκοντα
710 2661 882 2748 ἅρμα
929 2664 1002 2729 ἐν
1045 2679 1190 2741 ταῖς
1238 2667 1491 2730 σανίσιν
1543 2664 1996 2749 ἐνεγέγραπτο,
2054 2664 2162 2727 καὶ
2209 2658 2368 2727 ἄνευ
2413 2660 2782 2746 κατηγόρου
2827 2656 2913 2724 ἄν

306 2772 512 2841 αὐτὸν
557 2771 1071 2859 ἀπεδοκιμάζετε
1086 2799 1137 2850 c,
1189 2777 1305 2838 sed
1355 2777 1552 2838 etiam
1601 2776 1764 2838 haec
1811 2775 2010 2837 verba
2055 2794 2266 2854 neque
2333 2775 2686 2835 ostendunt
2753 2771 2911 2834 eius·

309 2887 488 2949 modi
550 2886 768 2967 legem
831 2886 1029 2949 latam
1086 2907 1229 2949 esse
1293 2906 1505 2970 neque
1562 2907 1715 2948 vera
1774 2895 1942 2958 sunt,
2011 2894 2081 2946 ut
2127 2883 2338 2946 elucet
2386 2905 2422 2945 e
2450 2883 2708 2963 'Lysiae
2753 2881 2907 2943 XVI

314 2999 350 3059 8
397 2996 609 3058 verbis
653 2996 862 3059 hisce:
922 2992 1091 3081 »ὁρῶ
1137 2981 1214 3061 δὲ
1243 3045 1434 3062 .....
1500 2994 1789 3070 πολλοὺς
1850 2994 1968 3077 μὲν
2025 3001 2164 3058 τῶν
2221 2992 2374 3058 τότε
2435 2991 2909 3057 ἱππευσάντων

306 3106 763 3186 βουλεύοντας,
825 3105 1114 3182 πολλοὺς
1175 3106 1244 3171 δὲ
1298 3102 1525 3171 αὐτῶν
1584 3102 1989 3189 στρατηγοὺς
2050 3104 2160 3166 καὶ
2204 3101 2578 3187 ἱππάρχους
2640 3123 2908 3185 κεχειρο·

308 3216 766 3303 τονημένουςι,
835 3218 1072 3301 quibus
1120 3218 1331 3280 verbis
1396 3216 1809 3279 manifestum
1875 3222 1973 3277 est
2020 3213 2455 3295 Frohbergeri
2505 3221 2572 3275 et
2616 3211 2912 3274 Grosseri

308 3329 703 3392 sententiam
750 3348 949 3412 quam
995 3328 1282 3389 maxime
1330 3326 1613 3390 refutari.

524 3439 645 3501 His
688 3439 991 3501 omnibus
1038 3437 1171 3499 fere
1216 3436 1409 3499 rebus
1457 3444 1523 3498 et
1569 3436 1703 3497 aliis
1752 3435 1856 3497 hic
1888 3434 2144 3520 omissis
2192 3442 2368 3496 recte
2397 3432 2910 3515 Xenophontem

310 3560 380 3612 et
419 3552 771 3613 Isocratem
808 3548 1241 3611 Athenienses
1287 3547 1651 3608 laudavisse
1685 3546 2124 3618 confirmatur,
2174 3552 2464 3606 attamen
2514 3543 2735 3623 negari
2782 3560 2911 3604 non

313 3669 532 3742 potest
581 3679 709 3723 non
778 3661 868 3721 ita
929 3677 1073 3720 raro
1136 3657 1457 3740 quosdam
1516 3656 1812 3718 homines
1881 3655 2268 3718 amnestiam
2326 3653 2587 3716 laedere
2644 3661 2912 3729 conatos

315 3790 458 3833 esse
506 3779 571 3832 et
606 3790 673 3831 re
720 3789 875 3831 vera
909 3769 1230 3830 interdum
1278 3787 1422 3830 eam
1472 3787 1616 3829 esse
1654 3766 1916 3840 laesam,
1969 3763 2410 3845 compluribus
2458 3764 2631 3825 enim
2677 3762 2916 3843 Lysiae

313 3889 379 3942 et
424 3879 693 3942 aliorum
753 3878 1156 3942 orationibus
1212 3877 1479 3939 servatis
1544 3886 1803 3939 constat
1869 3877 2127 3957 saepius
2191 3873 2490 3935 homines
2556 3872 2915 3935 facinorum

207 4033 216 4044 =
313 3989 629 4052 amnestia
691 3987 1001 4051 oblivioni
1062 3989 1364 4049 datorum
1427 3995 1769 4049 accusatos
1828 4006 1972 4049 esse
1996 4032 2010 4059 ,
2074 3984 2157 4047 de
2221 3984 2459 4067 quibus
2517 3981 2917 4045 orationibus

312 4098 672 4161 accuratius
735 4120 903 4161 nunc
967 4098 1159 4160 nobis
1212 4097 1661 4159 disserendum
1725 4097 1865 4162 erit.
1959 4094 2148 4175 Quae
2195 4105 2419 4156 tamen
2466 4089 2615 4178 non'
2645 4099 2916 4171 propter

314 4208 483 4270 hanc
533 4227 726 4273 unam
775 4209 1223 4292 quaestionem
1272 4207 1461 4270 nobis
1507 4206 1886 4269 tractandae
1932 4214 2138 4277 erunt,
2206 4214 2410 4267 restat
2458 4205 2630 4266 enim
2694 4202 2911 4275 altera,

318 4338 515 4403 quam
565 4318 652 4380 ab
698 4317 1162 4381 hacdirimere
1212 4317 1406 4392 nolui,
1460 4318 1541 4379 de
1604 4337 1734 4400 qua
1783 4317 1846 4377 in
1895 4318 1936 4395 ἓ
1991 4332 2012 4376 1
2069 4314 2361 4380 disserui.
2455 4314 2918 4376 Demonstran·

315 4427 473 4490 dum
529 4428 717 4491 nobis
780 4428 900 4491 erit
942 4428 1044 4493 his
1113 4428 1514 4491 orationibus
1561 4426 1954 4489 sententiam
2030 4433 2320 4490 nostram
2401 4424 2614 4507 capite
2704 4422 2917 4508 primo
