3459 5050
1565 319 1649 398 67

311 531 496 595 Haec
543 544 761 595 autem
812 528 1167 616 publicatio
1217 533 1413 597 dilata
1460 533 1738 596 fortasse
1782 541 1937 606 erat,
1990 538 2120 606 aut,
2173 552 2338 614 quae
2387 533 2705 597 sententia
2752 533 2907 596 mihi

311 642 577 723 quidem
614 644 698 705 ab
733 643 855 705 hac
904 644 1214 705 oratione'
1249 664 1377 705 non
1428 645 1635 706 aliena
1682 665 1826 706 esse
1873 644 2146 716 videtur,
2198 642 2325 706 hoc
2369 643 2514 705 loco
2563 663 2692 706 non
2737 644 2910 725 cogi-

312 754 581 814 tandum
630 764 729 816 est
776 755 858 817 de
895 755 1186 839 omnium
1221 756 1783 834 trigintavirorum
1818 754 2026 826 boniS,
2073 755 2189 815 sed
2225 774 2355 816 non
2403 775 2589 815 secus
2637 775 2713 816 ac
2746 772 2917 839 com·-

311 863 605 945 pluribus
655 866 965 927 orationis
1015 865 1171 926 locis
1213 875 1434 927 orator
1482 867 1686 956 eade
1736 864 2150 946 trigintaviris
2210 865 2477 926 omnino
2526 865 2695 937 dicit,
2748 884 2915 948 quae

310 974 391 1035 de
438 974 873 1037 Eratosthene
918 975 1061 1037 solo
1108 985 1174 1036 et
1220 975 1508 1037 Phidone
1560 976 1838 1038 fortasse
1889 975 2164 1037 dicenda
2212 985 2411 1040 erant.

523 1084 779 1164 Quibus
826 1086 909 1147 de
953 1086 1162 1147 causis
1210 1086 1262 1151 si
1308 1083 1444 1151 fieri
1498 1106 1627 1146 non
1676 1094 1913 1165 potest,
1965 1096 2052 1160 ut,
2093 1082 2445 1167 an'tequam
2492 1083 2654 1146 haec
2701 1085 2910 1146 oratio

307 1191 669 1267 haberetur,
745 1197 1058 1257 amnestia
1117 1195 1529 1275 promulgata
1589 1197 1688 1270 sit,
1762 1204 2019 1257 constat
2081 1195 2322 1257 nullam
2387 1196 2704 1257 rationem
2763 1193 2912 1256 huic

309 1305 583 1366 orationi
650 1326 799 1367 cum
857 1307 1172 1367 amnestia
1232 1307 1645 1367 intercedere.
1766 1305 1972 1368 Simul
2041 1316 2258 1367 autem
2325 1304 2490 1366 haec
2560 1305 2912 1386 disputatio

309 1433 551 1475 novum
600 1425 1063 1496 argumentum
1111 1417 1191 1477 de
1239 1416 1382 1488 eiS,'
1415 1437 1582 1497 quae
1645 1417 1727 1477 de
1787 1417 2103 1478 amnestia
2176 1416 2388 1501 docui,
2458 1414 2615 1476 mihi
2679 1433 2909 1493 suppe-

307 1524 489 1598 ditat.
537 1545 703 1598 nam,
752 1528 803 1587 si
836 1535 986 1588 ante
1032 1546 1176 1587 eam
1224 1527 1539 1588 amnestia
1564 1547 1694 1588 non
1728 1527 1990 1588 decreta
2037 1535 2151 1598 est,
2200 1526 2487 1605 sequitur
2520 1523 2907 1587 Grosserum

309 1644 374 1696 et
433 1644 683 1696 ceteros
731 1634 890 1697 falso
937 1638 1221 1717 priorem
1270 1637 1653 1698 amnestiam
1702 1636 2023 1700 statuisse.
2118 1637 2343 1715 Atque
2406 1633 2679 1699 Grosser
2725 1656 2787 1716 p.
2825 1651 2904 1712 32

307 1746 444 1824 ipse
524 1746 823 1809 concedit
935 1745 1431 1809 Eratosthenem
1504 1766 1635 1823 non
1698 1747 2013 1815 amnestia
2072 1747 2282 1806 nisum
2343 1765 2484 1806 esse
2564 1745 2676 1805 sed
2757 1745 2908 1805 ami-

309 1875 532 1916 corum
598 1857 980 1935 patrociniO.
1078 1856 1208 1919 Sed
1270 1877 1484 1920 nonne
1542 1858 1828 1919 maxime
1885 1865 2395 1937 consentaneum
2459 1864 2557 1916 est
2618 1874 2767 1915 eum
2826 1854 2911 1915 ad

251 1968 258 1969 ⁷
301 1959 484 2025 'illam
550 1965 975 2046 refugiturum
1042 1967 1266 2040 fuisse,
1328 1969 1380 2028 si
1430 1988 1497 2029 re
1554 1989 1705 2030 vera
1750 1966 2012 2029 fuisset?
2089 1965 2283 2029 Certe
2345 1958 2785 2044 respondisset
2841 1984 2910 2025 se

304 2077 659 2137 amnestiae
684 2076 1064 2157 participem
1101 2096 1259 2149 esse,
1296 2078 1505 2158 quiaa
1538 2078 2091 2157 trigintavirorum
2116 2086 2303 2155 parte
2327 2074 2522 2157 plane
2539 2075 2909 2137 secessisset

306 2194 371 2246 et
415 2185 644 2248 ceteris
693 2185 953 2246 urbanis
1001 2188 1523 2248 annumerandus
1570 2195 1759 2261 esset,
1793 2196 1905 2248 aut
1950 2206 2020 2247 se
2054 2187 2374 2248 rationem
2409 2186 2679 2248 reddere
2726 2206 2904 2267 para-

302 2304 697 2377 tumeaque
759 2295 1012 2356 reddita
1070 2297 1453 2357 amnestiam
1514 2298 1891 2358 meriturum
1956 2292 2116 2368 esse,
2202 2315 2480 2375 quorum
2553 2294 2906 2356 rectissime

303 2402 458 2466 illud
505 2405 898 2483 respondere
946 2414 1221 2486 poterat,
1272 2415 1341 2466 ut
1388 2404 1661 2468 Grosser
1707 2407 1843 2487 ipse
1893 2414 2068 2467 recte
2118 2405 2391 2487 exponit
2437 2403 2472 2466 l.
2504 2403 2542 2464 l.
2593 2425 2655 2484 p.
2712 2404 2795 2464 26
2841 2414 2906 2465 et

304 2514 367 2576 in
412 2536 556 2577 ann.
607 2514 715 2597 ph.
768 2526 833 2578 et
879 2535 940 2594 p.
989 2512 1072 2578 IC
1118 2535 1180 2594 p.
1244 2529 1384 2595 195.
1478 2515 1734 2596 Quodsi
1797 2514 1896 2577 his
1961 2516 2043 2577 de
2105 2515 2314 2578 causis
2374 2512 2904 2576 verisimillimum

302 2634 402 2686 est
447 2644 593 2686 eum
642 2625 958 2687 amnestia
1004 2645 1145 2688 sese
1195 2626 1362 2688 tueri
1409 2637 1792 2689 conaturum
1841 2626 2052 2699 fuisse,
2132 2646 2264 2687 non
2312 2625 2522 2686 minus
2580 2644 2662 2684 ex
2722 2644 2902 2687 accu-

298 2735 532 2795 satoris
582 2754 699 2795 usu
747 2755 867 2816 pro
915 2746 1095 2797 certo
1142 2735 1517 2799 habendum
1566 2747 1664 2800 est
1710 2737 1976 2818 Lysiam
2022 2735 2149 2797 hoc
2217 2743 2674 2813 argumentum
2723 2755 2903 2815 prae-

300 2854 710 2926 sumpturum
765 2843 979 2910 fuisse.
2825 2929 2828 2934 .

516 2954 873 3034 Quomodo
921 2957 961 3034 ξ
1012 2967 1089 3033 35
1143 2956 1343 3017 verba
1394 2954 1583 3030 »τοὺς
1642 2937 2004 3039 τριάκοντα
2063 2954 2577 3038 ἐκκηρύττουσιν
2633 2951 2705 3017 ἐκ
2764 2960 2902 3016 τῶν

304 3062 607 3127 πόλεωνα
659 3063 948 3143 intellegi
996 3065 1210 3139 velim,
1264 3085 1460 3144 supra
1506 3066 1570 3146 (ἓ
1628 3069 1725 3147 17)
1776 3068 1903 3127 iam
1951 3066 2241 3145 exposui.

515 3176 812 3255 Denique
862 3175 1135 3237 Grosser
1180 3175 1215 3236 l.
1246 3175 1283 3241 l.
1333 3195 1394 3255 p.
1449 3193 1534 3255 29
1580 3186 1644 3238 et
1692 3177 1755 3236 in
1801 3195 1946 3241 ann.
1996 3174 2104 3257 ph.
2156 3184 2222 3237 et
2267 3196 2331 3255 p.
2382 3174 2463 3237 IC
2510 3197 2572 3258 p.
2634 3174 2754 3253 196
2801 3195 2895 3255 sq.

304 3283 368 3344 in
415 3284 535 3346 hac
585 3287 880 3347 oratione
929 3286 1094 3346 duos
1142 3285 1322 3347 locos
1355 3286 1615 3359 invenit,
1665 3285 1774 3365 qui
1809 3286 1867 3347 ei
1908 3286 2354 3346 demonstrare
2400 3285 2704 3345 videntur
2736 3284 2899 3345 inter

297 3414 528 3478 pacem
577 3395 1009 3477 compositam
1069 3403 1134 3456 et
1195 3395 1437 3481 bellarm
1495 3394 1897 3474 Eleusinium
1956 3393 2208 3455 finitum
2271 3392 2528 3474 longius
2587 3389 2933 3473 temporis

295 3505 580 3582 spatium
648 3505 1055 3566 interiectum
1130 3524 1303 3577 esse,
1370 3505 1482 3586 qui
1542 3514 1761 3567 tamen
1817 3480 1885 3564 re
1930 3525 2082 3566 vera
2137 3525 2267 3566 non
2323 3503 2530 3565 multo
2593 3502 2738 3584 plus
2794 3503 2896 3564 de-

299 3593 667 3675 monstrant
736 3634 930 3695 quani
994 3633 1121 3675 uno
1206 3616 1311 3675 die
1377 3616 1502 3675 hoc
1573 3613 1810 3676 bellum
1881 3635 2012 3677 non
2083 3634 2222 3675 esse
2291 3613 2672 3693 perfectum,
2747 3632 2896 3674 nam

300 3725 341 3803 ἓ
391 3727 508 3790 80:
567 3719 744 3808 »μηδ’
792 3719 1030 3787 ἀποῦσι
1076 3723 1194 3807 μὲν
1238 3736 1376 3797 τοῖς
1420 3722 1780 3807 τριάκοντα
1825 3721 2311 3802 ἐπιβουλε-ύετεα
2364 3733 2429 3785 et
2476 3726 2516 3802 ξ
2548 3715 2669 3801 94:
2726 3734 2898 3795 »τοῖς

299 3835 628 3916 πολεμίοις
670 3832 997 3916 μάχεσθε(
1053 3833 1203 3895 nihil
1237 3835 1683 3896 demonstrant
1717 3834 1850 3894 ‘nisi
1899 3843 2037 3895 tum
2086 3833 2210 3895 hoc
2259 3831 2497 3896 bellum
2548 3833 2674 3893 iam
2717 3852 2895 3914 para·

298 3952 440 4003 tum
496 3954 562 4005 et
607 3954 914 4025 coeptum
966 3964 1124 4005 esse.
1221 3945 1396 4024 Quin
1444 3945 1658 4018 etiam,
1709 3944 1763 4005 si
1810 3953 1984 4005 recte
2046 3941 2206 4003 haec
2253 3961 2690 4033 causaquam
2751 3960 2896 4019 pro-

290 4054 468 4113 xime
515 4063 667 4135 post
714 4055 1045 4116 introitum
1098 4052 1394 4115 exsulum
1444 4055 1506 4114 in
1555 4038 1781 4115 urbem
1831 4054 2123 4115 instituta
2171 4071 2313 4113 esse
2360 4059 2644 4132 putatur,
2683 4069 2895 4129 neque

291 4161 633 4224 verisimile
680 4172 777 4224 est
823 4183 941 4242 per
985 4164 1259 4242 longum
1320 4172 1579 4245 tempus
1624 4164 1779 4225 illud
1826 4162 2068 4233 bellum
2132 4163 2400 4223 ductum
2464 4179 2621 4234 esse,
2676 4160 2894 4244 potius

291 4291 374 4331 ex
420 4270 520 4334 his
564 4271 819 4333 duobus
850 4272 1009 4334 locis
1042 4273 1389 4335 concludas
1435 4292 1562 4335 non
1601 4274 1709 4335 diu
1759 4283 1914 4356 post
1946 4273 2242 4334 exsulum
2275 4270 2552 4332 reditum
2586 4270 2892 4332 Eleusina

292 4389 620 4459 receptam
668 4391 732 4442 et
780 4383 1163 4444 amnestiam
1211 4382 1539 4444 decretam
1588 4402 1749 4447 esse.

502 4490 676 4551 Vero
724 4492 1094 4572 proximum
1144 4501 1240 4553 est
1287 4491 1792 4553 Eratosthenem
1837 4493 2230 4578 absolutumv
2262 4512 2434 4566 esse,
2475 4498 2550 4552 'et
2587 4498 2895 4569 quattuor
2977 4572 2986 4578 .

2469 4608 2530 4674 5*
