3459 5050
1556 332 1632 399 55·

295 527 496 593 πόλιν
538 522 869 615 ἡγήσαντο
913 525 1116 594 εἶναι(
1168 541 1235 594 et
1280 533 1365 595 III
1416 537 1576 599 208:
1634 531 1726 596 »εἰ
1775 532 1891 596 σοὶ·
1919 519 2097 616 ἦσαν
2127 522 2337 614 ὅμοιοι
2381 528 2442 595 οἱ
2489 529 2625 596 ἀπὸ
2679 534 2905 617 Φυλῆς

297 639 629 723 φεύγοντα
674 639 795 705 τὸν
826 641 1029 726 δῆμον
1057 642 1560 726 καταγαγόντες,
1610 639 1732 707 οὐκ
1781 637 1866 706 ἄν
1905 641 2064 706 ποθ’
2100 633 2141 726 ἡ
2173 641 2568 725 δημοκρατία
2597 640 2898 726 κατέστη.

243 817 257 827 ‚
295 753 418 813 νῦν
464 751 531 814 δὲ
574 750 805 816 ἐκεῖνοι
850 751 968 835 μὲν
1010 751 1316 835 μεγάλων
1358 756 1587 817 κακῶν
1634 752 2031 836 συμβάντων
2076 749 2331 816 ἔσωσαν
2389 748 2515 836 τὴν
2575 749 2775 817 πόλιν
2817 749 2900 815 τὸ

295 859 652 926 κάλλιστον
696 859 769 925 ἐκ
815 862 1107 936 παιδείας
1146 855 1330 946 <ρῆμα
1377 861 1859 947 φθεγξάμενοι,
1919 861 2008 946 μὴ
2067 873 2550 946 μνησικακεῖνι.
2606 933 2611 937 ,
2644 861 2901 926 Utrum-

298 991 426 1053 que
475 972 691 1033 locum
735 973 889 1035 dicit
933 972 1106 1034 haud
1152 972 1352 1035 dubie
1399 974 1620 1036 testari
1669 973 2058 1036 amnestiam
2117 973 2394 1052 primam
2441 972 2896 1042 condicionem

298 1083 480 1161 pacis
527 1083 689 1147 inter
737 1084 995 1147 exsules
1056 1094 1121 1146 et
1181 1084 1461 1146 urbanos
1520 1083 2031 1149 reconciliandae
2093 1082 2286 1145 fuisse
2343 1093 2411 1146 et
2466 1082 2688 1144 statim
2750 1093 2902 1163 post

296 1193 574 1254 reditum
622 1193 1034 1274 Thrasybulo
1078 1203 1146 1255 et
1194 1192 1486 1256 Archino
1534 1195 1911 1256 auctoribus
1957 1193 2367 1255 iureiurando
2413 1202 2711 1259 sanctam>
2737 1212 2900 1258 esse.
2939 1279 2942 1281 Α

297 1301 433 1364 Sed
483 1302 680 1364 etiam
737 1286 903 1366 ‘haec
951 1313 1049 1366 est
1097 1324 1263 1367 vana
1309 1303 1552 1382 opinio.
1647 1304 1830 1365 Pacis
1878 1305 2146 1383 eiusque
2193 1303 2649 1365 condicionum
2684 1311 2905 1365 orator

297 1413 565 1476 omnino
613 1433 744 1475 non
791 1413 938 1475 facit
982 1414 1402 1486 mentionem,
1453 1415 1535 1476 de
1566 1413 1976 1505 temporibus
2005 1422 2227 1475 autem
2261 1432 2407 1474 mea
2450 1392 2714 1492 quidem
2761 1431 2902 1474 sen-

295 1523 500 1584 tentia
548 1523 701 1586 nihil
748 1544 830 1586 ex
877 1524 977 1586 his
1022 1523 1181 1586 locis
1226 1523 1444 1603 colligi
1494 1532 1732 1603 potest,
1786 1543 1935 1586 nam
1985 1543 2114 1585 non
2162 1531 2280 1597 est,
2339 1523 2517 1603 quod
2563 1542 2694 1584 non
2725 1522 2900 1602 cogi·

294 1642 510 1696 temus
556 1633 638 1696 de
684 1635 1004 1697 amnestia
1051 1654 1182 1696 non
1226 1634 1448 1703 statim
1494 1642 1647 1716 post
1712 1630 2006 1695 exsulum
2066 1633 2346 1695 reditum
2411 1633 2690 1696 decreta.
2783 1632 2904 1695 Est

294 1751 515 1805 autern
561 1745 670 1818 eiS,
722 1744 832 1825 qui
865 1762 1104 1807 ‘secum
1151 1752 1455 1827 reputant
1487 1723 1870 1806 Grosserum
1917 1742 2222 1807 omnibus
2264 1743 2442 1817 lociS,
2478 1743 2715 1828 quibus
2761 1762 2903 1825 par-

292 1853 586 1934 ticipium
633 1852 1080 1929 κατελθόντες
1126 1854 1393 1935 legatur,
1444 1844 1831 1918 amnestiam
1878 1854 2114 1916 docere
2147 1875 2294 1916 cum
2329 1853 2537 1916 reditu
2568 1853 2898 1932 coniungi,

296 1983 507 2046 paene
557 1965 924 2049 mirandum
971 1985 1120 2026 eum
1170 1986 1254 2027 ex
1295 1964 1395 2029 his
1443 1965 1700 2028 duobus
1744 1964 1902 2028 locis
1949 1984 2080 2026 non
2127 1963 2468 2043 collegisse
2513 1963 2904 2026 amnestiam

296 2075 555 2159 tertiam
603 2075 934 2137 decretam
981 2095 1143 2148 esse,
1195 2075 1586 2157 simulatque
1618 2075 1875 2138 exsules
1906 2074 2107 2154 Phyle
2156 2094 2238 2134 ex
2284 2073 2530 2136 arcein
2564 2072 2901 2135 Piraeeum

296 2184 802 2258 descendissent,
848 2187 947 2247 i.e.
998 2206 1115 2248 sex
1162 2194 1501 2268 septemve
1548 2186 1898 2258 mensibuS,
1948 2194 2300 2265 antequam
2346 2203 2480 2265 pax
2538 2181 2902 2245 reconcilia-

296 2304 484 2357 retur.
581 2294 781 2375 Quod
827 2297 1137 2377 quoniam
1184 2315 1315 2357 non
1363 2294 1644 2376 collegit,
1696 2298 1838 2376 ipse
1899 2295 2179 2358 affirmat
2226 2304 2399 2359 recte
2448 2315 2553 2357 me
2603 2315 2679 2359 ea
2743 2293 2902 2356 refu·

291 2405 550 2478 tavisse,
603 2426 770 2486 quae
818 2407 900 2468 de
948 2406 1181 2468 ceteris
1224 2404 1595 2469 huiusmodi
1644 2407 1801 2469 locis
1849 2378 2163 2489 disputat.
2256 2404 2450 2496 Nullo
2493 2414 2712 2467 autem
2768 2405 2905 2468 iure

293 2515 393 2577 his
435 2514 593 2577 locis
639 2516 969 2578 adduntur
1014 2537 1110 2590 ea,
1162 2537 1329 2598 quae
1378 2518 1864 2583 Demosthenes
1908 2519 2030 2582 XX
2095 2535 2162 2579 11
2233 2526 2299 2579 et
2373 2532 2446 2577 12
2509 2515 2684 2589 dicit,
2735 2534 2905 2597 quae

293 2626 493 2688 verba
527 2646 657 2688 non
704 2647 942 2709 operae
990 2628 1271 2707 pretium
1319 2638 1418 2692 est
1464 2631 1707 2703 afferre,
1744 2651 1896 2693 nam
1928 2629 2142 2691 verbis
2182 2629 2337 2712 »τῆς
2369 2620 2670 2709 ὁμονοίας
2703 2637 2902 2709 σημεῖ-

290 2758 404 2799 ον(
443 2747 509 2798 et
548 2736 669 2821 »μὴ
715 2735 904 2802 λῦσαι
939 2740 1081 2802 τῶν
1110 2730 1627 2821 ὡμολογημένων
1647 2736 1906 2822 μηδένι,
1940 2746 2397 2819 praeterquam
2445 2736 2623 2816 quod
2648 2737 2732 2799 de
2763 2735 2904 2797 sola

298 2866 461 2925 pace
506 2848 790 2928 intellegi
853 2858 1145 2930 possunt,
1197 2868 1278 2910 eo
1350 2849 1561 2910 minus
1623 2845 1899 2910 Grosser
1960 2848 2078 2909 niti
2142 2856 2379 2930 potest,
2450 2848 2602 2929 quia
2665 2846 2901 2909 verba:

297 2950 377 3041 »ἡ
445 2956 635 3032 πόλις
697 2957 787 3033 εἰς
843 2954 916 3021 ἓν
985 2952 1187 3042 ἦλθε(
1262 2979 1324 3040 p.
1392 2975 1466 3019 21
1534 2957 1637 3041 (cf.
1691 2978 1876 3021 meae
1940 2958 2412 3020 dissertationis
2462 2956 2497 3040 ξ
2585 2957 2688 3038 18)
2766 2956 2913 3039 ipse.

296 3067 520 3129 docuit
567 3069 650 3130 de
695 3070 1016 3131 amnestia
1064 3078 1216 3148 post
1264 3068 1750 3150 expeditionem
1796 3067 2197 3130 Eleusiniam
2228 3068 2492 3129 decreta
2534 3065 2901 3146 intellegen-

295 3178 379 3239 da
425 3198 587 3251 esse,
636 3199 835 3261 quam
881 3178 967 3240 ob
1017 3198 1151 3240 rem
1213 3178 1409 3241 etiam
1456 3186 1672 3239 cetera
1736 3187 1972 3259 postea
2031 3178 2202 3240 facta
2272 3197 2417 3239 esse
2480 3175 2903 3239 statuendum

300 3287 359 3349 ei
407 3296 523 3350 est.
2458 3355 2461 3360 ,

508 3399 579 3459 In
628 3400 749 3473 eiS,
816 3418 985 3481 quae
1043 3399 1395 3479 Dionysius
1463 3398 1582 3461 »de
1628 3398 1866 3478 Lysia«
1934 3418 1989 3460 c.
2046 3413 2128 3477 32
2180 3398 2262 3460 de
2308 3397 2546 3480 Lysiae
2593 3396 2904 3459 orationis

298 3523 384 3585 34
435 3518 820 3588 argumento
868 3509 1061 3582 dicit,
1126 3509 1209 3570 de
1272 3509 1508 3588 quibus
1569 3508 1930 3571 accuratius
1976 3507 2140 3570 infra
2185 3507 2250 3588 (ξ
2299 3508 2407 3590 27)
2454 3506 2903 3569 disserendum

296 3618 455 3682 erit:
495 3626 653 3682 »τοῦ
696 3617 900 3701 δήμου
930 3616 1380 3693 κατελθόντος
1410 3616 1482 3683 ἐκ
1507 3620 1830 3699 Πειραιῶς
1853 3618 1961 3681 καὶ
1985 3616 2445 3702 ψηφισαμένου
2469 3616 2905 3680 διαλύσασθαι

297 3724 465 3809 πρὸς
510 3725 666 3801 τοὺς
712 3724 784 3791 ἐν
830 3723 1009 3793 ἄστει
1055 3730 1164 3792 καὶ
1206 3727 1477 3813 μηδενὸς
1522 3735 1662 3792 τῶν
1693 3726 2141 3813 γεγενημένων
2169 3738 2654 3811 μνησικακεῑνι,
2702 3744 2902 3788 secer-

301 3847 538 3899 nuntur
585 3839 827 3900 reditus
874 3850 940 3901 et
985 3839 1305 3901 amnestia
1351 3840 1455 3912 ita,
1506 3848 1576 3900 ut
1625 3859 1757 3900 non
1804 3837 2078 3899 multum
2123 3836 2436 3919 temporis
2471 3835 2903 3898 intermissum

298 3967 441 4009 esse
489 3948 819 4024 videatur,
888 3949 952 4010 id
1019 3949 1197 4027 quod
1246 3949 1441 4010 etiam
1487 3948 1574 4010 ob
1623 3948 1777 4009 alias
1826 3967 2055 4009 causas
2115 3945 2454 4008 verisimile
2501 3964 2642 4007 esse
2688 3964 2902 4027 neque

299 4056 425 4118 ulla
484 4056 679 4118 refelli
742 4078 937 4140 supra
999 4059 1602 4131 demonstravimus
1668 4059 1784 4120 sed
1853 4057 2005 4119 nihil
2075 4055 2206 4119 fere
2263 4056 2701 4118 intermissum
2761 4074 2904 4119 esse

301 4186 431 4229 non
477 4176 593 4239 est,
645 4188 758 4228 cur
806 4187 889 4228 ex
918 4168 1009 4228 eis
1055 4167 1410 4249 colligatur.
1507 4167 1683 4230 Bene
1722 4175 1945 4230 autem
1989 4166 2089 4228 his
2136 4166 2353 4228 verbis
2388 4165 2905 4246 comprobantur

299 4296 393 4350 ea,
443 4295 610 4356 quae
656 4296 851 4356 supra
896 4277 954 4359 (ξ
1006 4278 1065 4361 7)
1113 4277 1379 4350 conieci,
1428 4278 1769 4361 quomodo
1815 4276 2135 4340 amnestia
2181 4277 2440 4338 decreta
2486 4275 2603 4348 sit,
2668 4294 2822 4337 nam
2868 4295 2905 4337 e

297 4386 547 4453 verbis:
607 4386 1101 4470 »ψηφισαμένου
1166 4386 1598 4451 διαλύσασθαι
1643 4434 1655 4448 .
1690 4435 1701 4447 .
1735 4435 1746 4447 .
1798 4387 1907 4449 καὶ
1967 4384 2241 4470 μηδενὸς
2290 4434 2301 4446 .
2334 4433 2346 4447 .
2380 4434 2391 4446 .
2440 4395 2862 4469 μνησικακεῖν
2871 4407 2909 4459 ι,

300 4497 511 4559 elucet
583 4497 953 4581 pactionem
1022 4496 1217 4560 fuisse
1284 4497 1667 4559 amnestiam
1736 4496 1899 4557 inter
1967 4494 2223 4558 exsules
2286 4504 2354 4558 et
2409 4495 2709 4557 urbanos
2806 4494 2905 4557 Ne
