3459 5050
1617 271 1820 351 ο94

1104 680 1670 790 Sententiae
1747 709 2473 795 controversae.

673 942 676 945 -
767 916 818 964 1.
911 899 1008 973 Ei,
1057 901 1167 982 qui
1214 920 1363 963 cum
1409 902 1474 963 in
1521 902 1659 963 aliis
1703 903 2126 984 scriptoribus
2171 910 2310 963 tum
2345 901 2404 962 in
2454 901 2747 979 Homero
2795 900 2857 961 in
2893 899 3078 960 inter-

911 1009 1275 1092 polationes
1323 1012 1666 1092 inquirunt,
1716 1032 1916 1094 saepe
1978 1012 2164 1074 nimis
2214 1010 2571 1091 neglegunt
2629 1011 2832 1073 etiam
2894 1010 3077 1071 inter-

912 1120 1280 1201 polatorem
1328 1121 1563 1185 librum
1608 1123 1842 1204 legisse
1891 1133 1956 1185 et
2001 1124 2275 1187 novisse.

761 1246 818 1296 2.
915 1228 1225 1312 Sophocl.
1277 1231 1440 1296 Oed.
1491 1216 1643 1315 Tyr.
1694 1238 1824 1314 438
1874 1236 2144 1297 verbum
2193 1230 2399 1313 φύσει
2432 1232 2824 1294 servandum
2874 1240 2989 1293 est.

769 1357 825 1419 3.
920 1341 1123 1425 Apud
1169 1344 1582 1407 Andocidem
1628 1346 1655 1407 I
1697 1361 1783 1426 92
1831 1366 1950 1428 pro
2005 1343 2148 1408 »καὶ
2194 1339 2351 1417 τοὺς
2401 1341 2677 1425 νόμους(
2730 1328 3080 1423 legendum

909 1462 1007 1516 est
1039 1476 1053 1521 :
1112 1451 1276 1538 μετὰ
1322 1452 1478 1530 τοὺς
1522 1453 1805 1538 νόμους

761 1580 821 1640 4.
921 1563 1125 1646 Apud
1170 1565 1474 1648 [Lysiam]
1518 1566 1611 1629 VI
1661 1583 1694 1644 3
1757 1567 2088 1642 lectioneS,
2159 1586 2322 1648 quas
2381 1566 2699 1629 editiones
2754 1564 3082 1641 exhibent,

914 1675 1381 1756 improbandae
1427 1687 1594 1751 sunt,
1646 1677 1888 1740 codicis
1930 1676 2130 1739 verba
2174 1685 2286 1739 aut
2326 1677 2691 1753 ,immutata
2748 1674 3083 1737 retinenda

914 1794 1063 1847 sunt
1128 1795 1242 1848 aut
1292 1788 1777 1870 praepositione
1822 1787 1969 1872 περὶ
2023 1796 2173 1849 ante
2239 1784 2374 1852 »τώ
2431 1784 2607 1852 θεώ(
2685 1787 2940 1859 inserta,
3015 1793 3084 1846 ut

907 1895 1188 1976 legatur:
1234 1889 1373 1962 »ὅτι
1432 1895 1719 1981 ἐναργῶς
1766 1898 1915 1981 περὶ
1945 1894 2045 1962 τιὸ
2080 1895 2234 1965 ,θεώ
2278 1896 2500 1963 τούτω
2540 1909 2877 1980 τιμωρεῖτε
2932 1893 3086 1970 τοὺς

912 2001 1358 2082 ἀδικοῦνταςι.

762 2127 814 2194 5.
909 2116 1209 2199 Xenoph.
1260 2117 1476 2181 Anab.
1528 2120 1555 2180 I
1599 2131 1704 2198 4,5
1755 2118 2049 2192 lectione,
2123 2139 2319 2202 quam
2377 2118 2631 2203 plurimi
2693 2118 2950 2180 codices
3014 2126 3080 2179 et

912 2227 1192 2289 editores
1224 2229 1551 2303 exhibent,
1587 2238 1806 2312 spreta
1836 2229 2185 2310 legendum
2218 2237 2347 2292 est:
2393 2230 2538 2295 »καὶ
2567 2231 2705 2307 βια
2725 2227 2822 2291 σά
2833 2249 3082 2310 μενος

912 2336 1068 2412 τοὺς
1114 2340 1461 2422 πολεμίους
1508 2364 1615 2404 πα
1638 2338 1780 2424 ρέλ
1803 2342 2006 2404 290⁶«.

760 2447 819 2507 6.
915 2446 1299 2511 Aristoteles
1347 2450 1507 2515 falso
1553 2452 1789 2513 dicitur
1833 2452 2038 2514 verbo
2092 2443 2170 2538 »ἡ
2216 2449 2559 2534 πολιτικὴ(
2611 2449 2674 2510 in
2722 2449 3078 2511 ethicorum

909 2559 1086 2622 libris
1119 2560 1178 2622 X
1213 2562 1423 2625 ethica
1453 2563 1836 2644 significare,
1870 2563 1931 2623 in
1966 2563 2377 2645 politicorum
2403 2561 2578 2623 libris
2619 2560 2758 2622 VIII
2791 2558 3067 2642 politica.

910 2669 1119 2733 Immo
1176 2692 1438 2755 semper
1496 2672 1623 2735 hoc
1681 2673 1883 2735 verbo
1944 2672 2263 2754 significat
2316 2680 2526 2736 totam
2589 2669 3071 2752 philosophiam

911 2782 1279 2863 practicam,
1330 2783 1508 2845 cuius
1555 2783 1734 2865 prior
1780 2801 1928 2862 pars
1958 2793 2107 2846 sunt
2154 2783 2387 2857 ethica,
2422 2783 2744 2868 posterior
2786 2781 3066 2863 politica.

909 2890 1125 2971 Quam
1192 2893 1281 2955 ob
1336 2912 1471 2954 rem
1530 2893 1890 2956 ethicorum
1953 2892 2114 2955 liber
2184 2895 2428 2976 primus
2505 2893 2715 2975 capite
2776 2901 3070 2954 extremo

905 3011 1186 3082 excepto
1231 3002 1423 3067 huius
1472 3006 1815 3089 πολιτικῆς
1860 3013 2009 3066 sunt
2056 3003 2387 3085 praefatio.

758 3127 813 3191 7.
909 3112 1106 3192 Quod
1155 3133 1352 3196 saepe
1395 3114 1670 3196 legimus
1716 3136 1833 3177 sex
1879 3114 2134 3176 milibus
2166 3115 2616 3195 suffragiorum
2664 3113 2837 3196 apud
2872 3112 3069 3175 Athe-

907 3223 1160 3285 nienses
1208 3244 1376 3306 opus
1419 3224 1615 3287 fuisse
1663 3225 1748 3286 ad
1795 3225 2246 3306 impunitatem
2296 3226 2599 3299 dandam,
2650 3225 2732 3286 ad
2791 3223 3070 3305 peregri-

909 3353 1065 3395 num
1120 3334 1185 3395 in
1246 3335 1573 3400 civitatem
1635 3336 2093 3419 recipiendum,
2153 3338 2236 3398 ad
2280 3337 2492 3400 civem
2537 3336 2917 3398 ostracismo
2964 3354 3069 3395 ex·

922 3442 1309 3524 pellendum,
1357 3446 1442 3507 ad
1490 3446 1612 3508 alia
1657 3447 2079 3521 decernenda,
2126 3456 2342 3510 errant
2385 3446 2461 3517 ei,
2512 3446 2619 3525 qui
2662 3454 2894 3527 putant
2940 3463 3070 3506 non

853 3597 857 3601 -
910 3554 1276 3634 oportuisse
1345 3575 1461 3617 sex
1524 3555 1696 3618 milia
1763 3556 2216 3638 suffragiorum
2287 3556 2698 3636 rogationem
2769 3555 3067 3637 probare,

906 3663 1023 3725 sed
1055 3664 1320 3726 omnino
1354 3665 1506 3728 dari.
1558 3666 1767 3728 Immo
1801 3666 2089 3748 oportuit
2134 3687 2213 3728 ea
2239 3667 2458 3729 omnia
2481 3667 2778 3748 probare.
2851 3664 3071 3744 Quon-

902 3774 1028 3864 iam
1076 3794 1232 3836 vero
1279 3775 1732 3856 suffragiorum
1780 3777 2247 3857 antiquantium
2280 3795 2633 3860 numquam
2667 3775 2830 3837 ratio
2874 3773 3066 3837 habe·

902 3891 1024 3957 tur,
1074 3885 1485 3947 statuendum
1534 3895 1649 3958 est,
1701 3908 1814 3949 eos
1855 3885 2049 3962 SOIOS,
2100 3888 2211 3970 qui
2243 3887 2656 3967 rogationem
2690 3885 3063 3967 probarent,

904 3994 1207 4075 suffragia
1253 3995 1526 4059 dedisse.
2520 3983 2535 3994 “

754 4106 811 4167 8.
909 4104 978 4165 In
1010 4103 1306 4168 Caesaris
1337 4106 1479 4169 bell.
1514 4102 1675 4171 Gall.
1708 4107 1802 4169 VI
1839 4123 1988 4186 24,4
2020 4108 2368 4187 legendum
2403 4116 2534 4173 est:
2583 4106 2771 4172 Nunc
2804 4105 3072 4187 quidem

906 4218 969 4279 in
1019 4216 1249 4279 eadem
1294 4216 1533 4296 inopia,
1586 4226 1895 4298 egestate,
1947 4218 2276 4300 patientia,
2343 4238 2500 4299 qua
2564 4215 2868 4279 Germani
2928 4235 3075 4297 per-

907 4335 1188 4392 manent.
1223 4373 1234 4386 .

746 4454 809 4517 9.
903 4436 1091 4504 Ovid.
1139 4438 1284 4505 fast.
1333 4439 1359 4501 I
1410 4452 1633 4501 versus
1683 4453 1812 4517 320
1839 4454 2028 4517 -332
2076 4447 2254 4503 recto
2301 4438 2521 4505 ordine
2567 4437 2783 4501 traditi
2830 4443 2999 4499 sunt.
