3459 5050
1909 182 1926 207 Χ

1884 330 1965 409 38

633 543 717 605 ad
765 563 912 605 eam
969 539 1223 634 *refugit-
1266 553 1331 620 et
1376 542 1498 606 alio
1575 544 1720 605 loco
1791 542 2227 627 (>›Zeitschrift
2285 543 2325 605 f.
2376 542 2438 606 d.
2489 540 2766 623 Gymn.‹
2817 542 2979 622 torn.
3025 541 3228 633 ,XXX

634 675 694 736 p.
735 655 887 735 260)
910 655 1082 716 hunc
1114 654 1397 716 libellum
1432 653 1536 716 illa
1566 655 1886 717 sententia
1917 650 2031 718 niti
2065 654 2206 736 ipse
2233 632 2592 716 confitetur.
2653 638 2984 738 Apertum
3008 636 3228 738 autem

632 775 731 829 est
777 764 977 839 male,¹
1016 785 1182 848 quae
1224 764 1307 826 de
1354 764 1607 827 duabus
1651 763 1984 826 amnestiis
2034 764 2286 853 doceat,
2339 761 2496 825 fulta
2550 784 2710 836 esse,
2761 765 2811 827 si
2859 743 2968 828 tali
3026 766 3224 848 opini-

634 894 760 936 one
806 863 1163 963 perpaucis'
1188 875 1336 936 viris
1381 875 1589 936 doctis
1661 875 1940 959 probata
2009 875 2311 949 nitantur.
2405 876 2491 937 Et
2561 857 2891 959 profecto]
2918 894 3048 949 non
3091 885 3225 968 tan-

634 995 792 1059 tum,
840 985 891 1047 si
938 987 1108 1047 hanc
1168 986 1556 1049 sententiam
1607 985 2040 1065 repudiamus,
2093 971 2198 1058 ea,
2258 1004 2429 1068 quae
2484 986 2567 1048 de
2629 981 2948 1047 amnes‘fia
3011 985 3223 1059 docet,

629 1094 861 1157 cadere
928 1095 1326 1168 videbimuS,
1389 1096 1506 1158 sed
1575 1115 1655 1158 ne
1721 1097 1815 1159 eis
1884 1096 2187 1181 quidem,
2260 1098 2367 1181 qui
2429 1116 2575 1159 eam
2639 1079 2982 1180 accipiant,
3056 1074 3228 1157 duas
3293 1166 3303 1174 ,

631 1194 980 1268 amnestias
1027 1226 1175 1268 cum
1222 1226 1303 1268 eo
1350 1214 1631 1268 statuere
1678 1207 1883 1269 licere.

843 1315 878 1398 ξ
934 1332 1028 1392 14.
1124 1317 1234 1377 Ab
1282 1316 1402 1377 hac
1449 1306 1668 1378 autem
1716 1317 2027 1398 opinione
2074 1314 2346 1377 Grosser
2389 1337 2451 1398 p.
2503 1318 2540 1377 8
2589 1301 3254 1396 argumentationem*

633 1425 873 1506 incipit.
971 1414 1202 1497 Docet',
1251 1435 1322 1487 ut
1367 1445 1563 1505 supra
1609 1425 1673 1506 (ξ
1732 1428 1832 1508 12)
1865 1406 2164 1488 ”diximus
2227 1427 2375 1498 iam,
2440 1444 2588 1487 cum
2634 1446 2671 1487 a
2717 1426 3031 1489 Pausania
3092 1412 3228 1504 pai<

633 1532 1167 1606 reconciliaretur,
1219 1535 1600 1619 amnestiam
1655 1546 1965 1607 statutam
2029 1546 2094 1598 et
2155 1525 2485 1598 exsulibus
2539 1536 2604 1596 in
2670 1536 2890 1598 urbem
2939 1524 3227 1597 ¹reversis

602 1643 1038 1706 ,iureiurando
1085 1636 1381 1727 omnium*
1419 1645 1656 1706 civium
1721 1632 2230 1709 convocatorum
2290 1654 2580 1707 sanctam
2641 1665 2801 1720 esse.
2898 1630 3226 1726 Quoniam

632 1772 788 1813 vero
835 1754 895 1814 in
944 1754 1271 1816 hellenicis
1317 1753 1463 1816 loco
1509 1775 1702 1838 supra
1751 1757 1813 1839 (ξ
1867 1759 1927 1840 2)
1975 1757 2171 1828 allato
2216 1756 2377 1817 haec
2425 1774 2554 1816 non
2603 1739 2954 1829 narrantur,
3019 1756 3220 1836 epito-

633 1872 950 1924 matorem
995 1863 1156 1926 haec
1204 1860 1537 1948 multaque
1583 1865 1713 1928 alia*
1753 1868 2045 1939 omisisse
2092 1876 2281 1947 putat
2328 1875 2394 1927 et
2441 1866 2885 1949 demonstrare
2932 1874 3221 1948 conatur.

633 1973 768 2033 Iam
800 1973 863 2034 in
898 1975 1005 2046 eiS,
1057 1995 1226 2058 quae
1273 1975 1356 2036 de
1403 1996 1569 2056 pace
1609 1997 1647 2036 a
1696 1977 2019 2039 Pausania
2061 1987 2126 2039 et
2172 1957 2697 2060 quindecimviris
2732 1961 2969 2056 Sparta
3014 1976 3226 2038 missis

632 2084 996 2161 composita
1043 2085 1105 2144 in
1154 2075 1480 2147 hellenicis
1526 2076 1845 2166 leguntur,
1897 2062 2122 2150 lacuna
2167 2087 2225 2148 ei
2274 2063 2531 2148 videtur
2575 2087 2800 2149 inesse.
2895 2087 3101 2149 Recte
3131 2085 3223 2147 di-

631 2194 736 2266 cit,
788 2194 938 2276 quia
985 2202 1195 2256 totum
1244 2214 1481 2274 agmen
1528 2205 1680 2275 post
1723 2216 1954 2278 pacem
2001 2197 2432 2279 compositam
2478 2217 2517 2258 e
2568 2178 2835 2286 Piraeeo
2884 2197 2962 2270 in·
2993 2196 3223 2258 urbem

627 2302 1010 2377 intravisset,
1059 2305 1474 2366 statuendum
1508 2327 1651 2368 esse
1681 2307 1871 2388 apud
1914 2307 2314 2379 Pausaniam,
2368 2308 2647 2369 cum·de
2695 2326 2860 2386 pace
2891 2315 3226 2386 ageretur,

632 2411 886 2493 legatos
920 2414 1252 2497 utriusque
1300 2414 1593 2478 factionis
1627 2415 1928 2490 adfuisse,
1980 2418 2064 2479 ab
2098 2416 2427 2478 exsulibus
2466 2418 2661 2497 igitur
2687 2439 2737 2479 ,ε
2771 2394 3036 2497 Piraeeo
3067 2435 3224 2477 non-

634 2525 841 2587 nullos
887 2526 950 2586 in
999 2527 1223 2587 urbem
1272 2527 1503 2616 missos
1552 2548 1706 2594 esse.
1808 2527 2006 2590 Cuius
2037 2510 2380 2609 legationis
2429 2530 2735 2612 quoniam
2784 2530 2847 2590 in
2894 2507 3225 2596 hellenicis

634 2635 876 2696 mentio
922 2655 1051 2696 non
1099 2635 1188 2709 fit,
1238 2638 1737 2718 epitomatorem
1794 2648 1980 2717 putat
2036 2657 2179 2716 eam
2240 2639 2548 2704 omisisse.
2642 2636 2773 2701 Sed
2831 2638 3002 2699 unde
3060 2637 3223 2700 sciat

630 2747 727 2806 vir
774 2746 1183 2807 doctissimus
1244 2748 1751 2827 Xenophontem
1817 2749 2024 2831 ipsum
2075 2768 2219 2810 eam
2273 2745 2667 2810 narravisse?
2716 2748 2846 2811 Cur
2893 2731 3025 2811 non
3071 2767 3217 2809 auc-

631 2864 736 2917 tor
780 2856 919 2937 ipse
966 2856 1200 2918 eodem
1246 2858 1381 2918 iure
1414 2867 1634 2942 >atque
1697 2860 2095 2937 epitomator
2154 2859 2272 2921 has
2332 2844 2431 2920 res
2494 2859 2776 2932 breviter
2838 2878 3096 2926 narrare
3154 2868 3222 2919 et

633 2986 727 3039 ea,
777 2987 945 3050 quae
992 2961 1201 3028 minus
1247 2968 1466 3048 gravia
1513 2978 1716 3056 erant,
1770 2970 2068 3031 omittere
2117 2967 2402 3051 poterat,
2441 2970 2823 3050 praesertim
2867 2988 3016 3030 cum
3065 2952 3220 3043 talia

532 3143 549 3156 ,
634 3076 802 3138 facta
873 3096 1014 3138 esse
1079 3098 1193 3159 per
1253 3098 1324 3138 se
1385 3078 1906 3159 intellegeretur?
2002 3079 2145 3140 Hac
2225 3078 2473 3140 ratione
2532 3078 2883 3162 permultas
2953 3077 3226 3140 aliorum

632 3187 1017 3269 scriptorum
1068 3188 1466 3272 narrationes
1511 3190 1571 3249 in
1622 3190 1953 3272 epitomen
1991 3198 2256 3280 ‘coactas
2322 3207 2464 3250 esse
2508 3189 2936 3250 demonstrari
2985 3168 3218 3271 potest.

633 3297 984 3371 Pausanias
1029 3306 1093 3359 et
1138 3298 1260 3358 viri·
1301 3296 1535 3381 Sparta
1595 3300 1767 3360 missi
1830 3318 2062 3378 pacem
2124 3300 2425 3372 fecerunt,
2464 3301 2655 3383 ,quod
2704 3318 2817 3360 eos
2863 3318 2992 3366 non
3042 3297 3221 3360 solos

638 3406 863 3468 fecisse
923 3406 1045 3468 sed
1099 3427 1247 3468 cum
1306 3408 1536 3488 legatis
1599 3411 1934 3491 utriusque
1997 3411 2195 3492 partis
2255 3410 2664 3472 manifestum
2729 3419 2828 3472 est
2890 3419 2954 3470 et
3021 3407 3223 3469 verbo

633 3516 982 3599 διήλλαξαν
1029 3518 1412 3583 continetur.
1510 3521 1723 3581 Etiam
1774 3520 1912 3602 plus
1959 3519 2329 3602 Xenophon
2377 3507 2644 3584 reticuit.
2740 3520 2831 3583 Ut
2861 3539 3053 3603 supra
3084 3518 3148 3602 (ᾖ
3178 3534 3225 3595 9

635 3636 699 3688 et
744 3629 784 3706 ξ
828 3629 925 3710 12)
970 3630 1408 3712 exposuimu5‚
1460 3641 1805 3708 pro-certo
1839 3630 2208 3692 habendum
2257 3638 2356 3691 est
2385 3630 2894 3702 condicionibus»
2943 3646 3216 3712 quarum

632 3757 953 3799 summam
1013 3738 1382 3819 Xenophon
1442 3740 1642 3813 affert,
1716 3740 2098 3818 compositis
2169 3740 2574 3801 iureiurando
2645 3759 2872 3823 pacem
2932 3748 3226 3801 sanctam

635 3868 794 3920 esse,
846 3849 1222 3932 priusquam
1265 3850 1515 3911 exsules
1565 3852 1792 3912 urbem
1869 3855 2199 3928 intrarent,
2267 3851 2446 3934 quod
2501 3870 2633 3912 non
2691 3827 2897 3930 magis
2945 3849 3217 3929 dignum

634 3957 880 4031 habuit,
949 3953 1126 4041 quod
1189 3938 1427 4021 diserte
1487 3971 1880 4034 narraretur,
1932 3980 2081 4024 cum
2127 3965 2189 4023 in
2255 3981 2654 4045 unaquaque·
2708 3979 2867 4041 pace
2932 3957 3229 4032 facienda

550 4117 561 4126 .
634 4068 761 4129 hoc
807 4067 940 4128 fieri
987 4069 1288 4130 omnibus
1335 4067 1599 4132 Graecis
1648 4079 1875 4136 notum
1924 4080 2107 4133 esset.
2205 4070 2367 4151 Quis
2415 4080 2633 4133 autem
2696 4069 3016 4142 iuraverit,
3070 4087 3249 4152 quos.

637 4179 824 4251 niam,
876 4186 945 4238 ut
992 4197 1186 4260 supra
1234 4180 1297 4259 (ξ
1343 4182 1412 4260 9)
1460 4159 2065 4254 demonstravimuS,
2118 4202 2271 4243 usus
2319 4201 2448 4242 non
2482 4182 2845 4253 constabat,
2896 4199 3013 4263 pro
3048 4186 3234 4241 certo

635 4289 761 4350 dici
824 4307 953 4350 non
1005 4297 1264 4369 potest,
1335 4308 1729 4374 quamquam
1790 4293 2236 4374 reputantibus
2300 4293 2526 4365 nobi3‚
2591 4310 2787 4375 quam
2848 4285 3066 4370 gravis
3115 4308 3234 4374 Ares

637 4408 824 4478 gesta
870 4399 953 4459 sit
1001 4408 1064 4460 et
1112 4419 1306 4483 quam
1356 4400 1538 4461 facile
1586 4402 1844 4464 alterius
1894 4402 2091 4485 partis
2136 4401 2368 4481 legatis
2418 4402 2500 4463 ad
2549 4403 2840 4464 alteram.
2873 4377 3230 4461 suerit-adi·

632 4517 756 4581 tuS,
806 4528 959 4569 vero
1003 4510 1375 4588 proximum
1419 4520 1522 4574 est
1584 4532 1710 4574 non
1768 4512 2020 4591 legatos
2067 4512 2258 4591 soqu,
2329 4512 2464 4596 qui
2502 4531 2723 4574 coram
2769 4510 3080 4572 Pausania
3119 4508 3227 4573 .de
