3459 5050
1768 310 1849 356 22

511 507 833 592 graphum
879 508 1415 590 antecedentem),
1463 517 1816 591 postquam
1862 508 1972 580 εἰς,
2025 509 2136 591 qui
2166 507 2469 571 Eleusine
2500 506 2767 580 fuerant,
2818 504 3119 568 Athenas

513 619 788 681 reversis
832 627 972 680 tota
1018 617 1410 681 urbanorum
1458 616 1651 680 factio
1696 619 1924 702 paucis
1971 618 2263 702 exceptis
2313 618 2373 681 in
2425 637 2619 679 unam
2684 618 2900 679 denuo
2967 635 3118 678 con-

507 729 704 803 venit,
752 738 930 792 totus
975 730 1254 815 populus
1301 728 1751 791 reconciliatus
1798 727 2209 808 Thrasybulo
2256 728 2613 811 praecipue
2660 737 2925 791 auctore
2973 746 3119 809 pac-

508 838 755 901 tionem
819 849 1012 903 antea
1082 840 1322 903 factam
1391 839 1678 902 decrevit
1748 838 2108 901 iterandam
2178 854 2321 901 esse
2388 848 2454 901 et
2522 837 2905 901 certioribus
2968 855 3115 898 con-

513 949 880 1012 dicionibus
940 951 1372 1033 gravioreque
1435 949 1849 1011 iureiurando
1906 947 2309 1011 firmandam.
2417 948 2566 1029 Qua
2629 948 2713 1025 de
2779 967 2974 1011 causa
3035 946 3119 1007 ad

509 1059 943 1134 condicioneS,
996 1060 1352 1143 συνθήκας,
1405 1061 1652 1144 priores
1698 1079 1902 1124 novas
1946 1059 2338 1122 addiderunt
2396 1059 2459 1120 in
2508 1059 2787 1120 eundem
2833 1057 3124 1141 lapidem

514 1168 785 1232 fortasse
834 1170 1232 1244 incidendaS,
1282 1170 1517 1254 quibus
1565 1171 1804 1233 diserte
1864 1179 2183 1233 statutum
2246 1178 2363 1242 est,
2417 1190 2498 1232 ne
2548 1177 2814 1252 propter
2860 1167 3125 1230 iniurias

511 1280 872 1354 anarchiae,
925 1301 1092 1365 quae
1140 1282 1515 1354 vocabatur,
1567 1292 1865 1365 tempore
1899 1281 2282 1343 commissas
2316 1280 2664 1364 quisquam
2714 1278 2776 1340 in
2814 1277 3125 1339 iudicium
3195 1268 3212 1285 ²

510 1400 867 1465 vocaretur,
917 1411 1085 1474 quae
1131 1391 1550 1454 condiciones
1597 1391 1727 1471 legi
1768 1392 2070 1453 iubentur
2115 1391 2291 1473 apud
2337 1391 2686 1452 Isocratem
2752 1387 2967 1450 XVIII
3016 1403 3120 1461 20,

512 1501 624 1562 ubi
670 1521 786 1584 per
832 1511 1157 1564 oratorem
1207 1503 1419 1586 ipsum
1462 1502 1900 1586 comperimus
1934 1502 2173 1563 diserte
2206 1500 2321 1563 has
2356 1499 2695 1583 συνθήκας
2742 1498 3119 1572 absolvisse,

470 1622 473 1629 ’
518 1608 710 1683 »τοὺς
755 1608 1161 1693 ἐνδείξαντας
1222 1609 1261 1695 ἢ
1307 1612 1648 1697 φήναντας
1692 1609 1733 1695 ἢ
1791 1615 1933 1676 τῶν
1980 1606 2205 1674 ἄλλων
2264 1635 2328 1675 τι
2386 1617 2523 1675 τῶν
2576 1608 2902 1674 τοιούτων
2962 1606 3118 1692 πρά·

517 1728 820 1802 gamag«.
930 1723 1000 1783 In
1050 1700 1176 1784 *has
1243 1734 1462 1785 autem
1523 1724 1948 1794 ‚condiciones
2009 1724 2244 1806 partim
2307 1723 2568 1784 iteratas
2631 1721 2864 1804 partim
2923 1739 3125 1781 novas

512 1841 689 1893 totus
736 1831 1015 1915 populus
1045 1842 1187 1895 tum
1220 1832 1668 1895 reconciliatus
1719 1835 1949 1896 iuravit
1996 1854 2073 1895 ea
2105 1832 2398 1906 formula,
2434 1833 2616 1893 cuius
2650 1840 2897 1914 partem
2948 1829 3124 1913 apud

513 1922 928 2004 Andocidem
974 1952 1227 2005 exstare
1272 1943 1572 2017 vidimuS,
1623 1964 1835 2027 neque
1883 1964 2014 2006 non
2076 1952 2408 2005 senatores
2478 1942 2871 2024 iudicesque.
2976 1937 3127 2020 Qua

515 2052 837 2115 sententia
870 2053 1158 2139 ‘probata
1203 2063 1502 2137 apertum
1539 2063 1656 2128 est,
1708 2063 1775 2114 et
1820 2074 1935 2115 cur
1965 2053 2357 2137 Xenophon,
2408 2053 2706 2127 IustinuS,
2756 2051 2863 2112 alii
2901 2051 3033 2110 iure
3064 2049 3129 2108 iu

515 2162 720 2225 rando
767 2163 1022 2225 tradant
1068 2162 1506 2226 Athenienses
1564 2165 1915 2228 obstrictos
1973 2185 2116 2227 esse
2166 2164 2567 2227 oblivionem
2632 2162 2771 2224 fore
2837 2159 3129 2222 omnium

513 2292 726 2333 rerum
769 2284 920 2336 ante
949 2282 1258 2347 actarum,
1308 2285 1372 2335 et
1417 2296 1531 2337 cur
1560 2276 1736 2359 apud
1769 2286 2060 2339 oratores
2114 2270 2332 2359 »ὅρκοι
2375 2274 2480 2337 καὶ
2520 2275 2885 2357 συνθῆκαι(
2939 2270 3130 2332 haec-

515 2385 847 2446 amnestia.
901 2394 1188 2449 vocetur.
1283 2383 1402 2446 Est
1462 2384 1657 2464 igitur
1729 2386 1946 2468 pactio
2008 2394 2072 2447 et
2129 2404 2167 2447 a
2228 2404 2389 2468 pace
2450 2385 2661 2468 priore
2726 2405 2806 2445 eo
2874 2390 3129 2462 tantum

517 2493 730 2567 distat,
783 2494 962 2578 quod
1011 2492 1112 2557 illa
1156 2494 1395 2557 bellum
1443 2495 1608 2558 inter
1653 2494 1971 2559 factiones
2014 2515 2096 2558 eo
2132 2515 2339 2584 usque
2388 2505 2649 2575 gestum
2682 2493 2955 2566 finitum,
3008 2492 3130 2554 hac

519 2604 830 2668 oblivioni
877 2605 1102 2668 datum
1149 2617 1266 2678 est,
1315 2606 1420 2668 illa
1463 2605 2045 2667 exsulesreditum
2091 2607 2370 2668 assecuti
2403 2615 2571 2680 sunt,
2617 2605 2724 2668 alii
2756 2615 2977 2666 autem
3021 2623 3128 2691 pa·

513 2716 703 2777 triam
766 2714 1088 2796 fugerunt,
1150 2715 1272 2777 hac
1330 2716 1634 2778 omnibus
1699 2726 1912 2778 metus
1980 2717 2344 2801 ademptuS‚
2410 2717 2634 2779 civitas
2697 2724 2762 2777 et
2818 2715 3131 2776 securitas

519 2825 932 2913 reddita‘est,
982 2825 1153 2887 illam
1203 2846 1320 2889 rex
1366 2836 1671 2889 externus
1719 2826 2006 2909 perfecit,
2058 2827 2224 2890 hanc
2258 2848 2486 2890 omnes
2519 2827 2695 2890 cives
2746 2845 2864 2887 sua
2894 2834 3131 2907 sponte

515 2936 958 2998 decreverunt.
1050 2936 1280 3019 Neque
1326 2937 1475 2999 ideo
1525 2939 1758 2999 mirum
1803 2948 1902 3001 est
1948 2948 2237 3001 oratores
2286 2938 2369 3000 de
2417 2937 2539 3000 hac
2604 2936 2891 2998 suevisse
2955 2955 3129 2998 usur-

519 3067 674 3130 pare
715 3045 912 3107 verba
967 3040 1187 3130 »ὅρκοι
1231 3048 1336 3109 καὶ
1401 3051 1795 3133 συνθήκαις,
1851 3048 2020 3110 illam
2084 3048 2274 3111 malle
2339 3049 2672 3110 nominare
2728 3044 2829 3110 »αἱ
2880 3045 3136 3109 διαλλα-

523 3158 692 3239 γαὶι,
745 3165 815 3218 ut
857 3157 1210 3219 Isocratem
1255 3157 1469 3219 XVIII
1521 3173 1621 3237 25,
1670 3158 1939 3239 Lysiam
1985 3159 2103 3221 XII
2158 3172 2255 3237 53,
2304 3158 2451 3220 XIII
2496 3161 2597 3222 80.
2695 3157 3131 3220 Nihilominus

528 3286 885 3349 numquam
932 3267 1412 3348 neglegendum
1459 3278 1558 3331 est
1616 3290 1748 3331 non
1806 3269 2165 3332 necessarie
2230 3269 2327 3330 his
2385 3270 2756 3331 nominibus
2801 3252 2928 3350 has
2969 3268 3132 3328 duas

525 3397 625 3439 res
672 3378 901 3449 notari,
950 3378 1101 3461 quia
1149 3389 1215 3440 et
1258 3380 1573 3440 amnestia
1631 3379 2027 3463 »διαλλαγὴε
2083 3380 2303 3442 vocari
2353 3389 2571 3463 potest
2615 3389 2678 3442 et
2724 3399 2857 3460 pax
2912 3371 3131 3461 »ὅρκοι

521 3487 630 3551 καὶ
668 3490 1059 3572 συνθῆκαια,
1094 3488 1332 3571 quibus
1363 3490 1594 3563 verbis,
1626 3501 1695 3551 ut
1726 3491 2332 3564 demonstravimuS,
2366 3489 2710 3552 verisimile
2745 3500 2843 3552 est
2875 3507 3133 3571 semper

525 3596 1005 3660 subaudiendas
1065 3618 1209 3660 esse
1257 3599 1487 3681 prioris
1533 3601 1710 3683 pacis
1762 3601 2197 3666 condiciones,
2294 3601 2443 3662 Hoc
2489 3611 2711 3663 autem
2758 3600 2958 3661 modo
3007 3598 3127 3661 fac·

525 3716 666 3769 tum
712 3717 826 3781 est,
876 3718 946 3771 ut
989 3709 1330 3771 obscurius
1392 3709 1713 3772 interdum
1763 3710 2109 3793 loquantur
2165 3720 2456 3774 oratores
2524 3720 2590 3774 et
2633 3731 2878 3795 ‘pacem
2933 3719 3129 3793 atque

529 3818 913 3881 amnestiam
957 3816 1357 3881 confundere
1404 3820 1763 3883 videantur.

740 3927 994 4008 Quibus
1041 3929 1355 4011 expositis
1403 3930 1611 3992 redire
1656 3950 2006 4013 possumus
2067 3932 2150 3993 ad
2214 3932 2393 3994 locos
2455 3933 2639 3995 initio
2696 3931 2886 3993 huius
2950 3952 3130 4013 para-

528 4034 758 4122 graphi
803 4038 1117 4105 laudatOS.
1211 4038 1413 4123 Apud
1461 4039 1729 4119 Lysiam
1776 4041 1986 4103 XVIII
2027 4056 2097 4120 15
2132 4052 2581 4126 opponuntur:
2640 4037 2717 4105 »ἃ
2763 4041 2881 4123 μὲν
2928 4043 3131 4104 Λακε-

529 4148 875 4231 δαιμονίοις
937 4147 1337 4211 συνέθεσθει
1405 4159 1471 4211 et
1539 4145 1618 4213 »ἃ
1663 4149 1728 4214 δὲ
1762 4146 1983 4225 αὑτοῖς
2013 4149 2463 4235 ἑψηφίσασθε<<
2520 4163 2585 4215 et
2633 4153 2868 4214 eodem
2893 4154 3123 4240 sensu:

538 4255 695 4333 »τὰς
742 4256 872 4340 ’μὲν
929 4257 1096 4342 πρὸς
1157 4256 1445 4333 ἐκείνους
1504 4260 1878 4344 συνθήκας(
1948 4272 2014 4323 et
2080 4259 2237 4336 »τὰς
2302 4262 2367 4325 δὲ
2413 4262 2581 4346 πρὸς
2626 4256 2929 4338 abt-0253«.
3026 4261 3129 4322 Ex

531 4368 643 4442 eiS,
695 4388 861 4451 quae
909 4370 1201 4451 exposui,
1251 4370 1543 4453 sequitur
1604 4370 1705 4433 illa
1766 4371 2197 4452 intellegenda
2258 4392 2398 4434 esse
2462 4374 2544 4434 de
2605 4392 2765 4455 pace
2814 4372 3129 4436 Pausania

532 4487 796 4540 auctore
843 4480 1225 4563 composita,
1272 4482 1454 4543 cuius
1489 4482 1908 4544 condiciones
1957 4483 2083 4543 iam
2114 4483 2395 4544 diximus
2442 4482 2678 4545 eodem
2726 4480 2926 4541 modo
2956 4477 3128 4561 apud
