3459 5050
1801 306 1880 371 88

551 517 795 584 reditus
827 521 931 584 die
963 521 1045 584 de
1078 521 1169 584 eis
1199 522 1459 596 factum,
1524 523 1840 606 simplicia
1870 524 2069 587 verba
2098 517 2317 607 »392⁶oe
2346 522 2456 586 καὶ
2482 525 2846 607 συνθῆκαισ
2884 539 3138 606 semper

550 631 633 694 de
678 631 892 714 priore
937 633 1256 697 amnestia
1302 653 1437 707 sua,
1473 654 1670 715 quam
1716 633 1916 697 habet
1949 635 2329 715 graviorem,
2369 633 2648 712 intellegi
2686 632 2834 706 vult,
2872 632 3137 695 alteram

548 750 770 809 autem
817 742 1133 809 minorem
1181 743 1376 806 docet
1420 743 1484 806 in
1531 764 1677 806 ann.
1726 743 1836 826 ph.
1888 753 1955 807 et
2010 764 2074 826 p.
2124 743 2208 807 IC
2253 766 2316 826 p.
2394 760 2515 824 194
2577 753 2645 806 et
2691 744 2843 807 alias
2892 744 2955 805 in
3014 741 3138 805 hac

547 851 867 927 oratione,
918 853 953 939 ἓ
994 865 1102 931 45,
1150 855 1665 928 commemorari,
1715 863 1798 929 et,
1849 863 1919 917 ut
1962 855 2049 917 ab
2097 854 2295 918 altera
2341 855 2751 934 seiungatur,
2822 852 3139 917 nominari

556 958 658 1044 »οἱ
700 955 882 1046 ὅρκοι
925 963 1034 1027 καὶ
1093 961 1159 1028 αἱ
1225 967 1551 1049 συνθῆκαι
1615 940 1810 1028 οὖσαι1
1858 977 1994 1040 τοῖς
2053 959 2564 1039 Ἑλευσινόθενι,
2611 962 2701 1047 cf.¹
2735 962 2992 1027 Curtius
3034 963 3072 1029 l.
3099 962 3136 1024 l.

547 1072 635 1135 III
683 1085 829 1153 753.
925 1073 1077 1148 Sed,
1123 1075 1242 1136 nisi
1289 1075 1569 1137 maxime
1616 1074 1816 1159 fallor,
1863 1077 2058 1139 etiam
2098 1075 2270 1138 hunc
2327 1076 2542 1138 locum
2601 1074 2762 1138 falso
2826 1056 3140 1136 intellexit

548 1190 615 1246 et
660 1184 1016 1266 inpretatus
1063 1193 1178 1260 est,
1229 1204 1439 1267 neque
1485 1186 1751 1248 omnino
1796 1185 2101 1266 leguntur
2145 1186 2346 1248 verba
2391 1185 2670 1248 laudata.
2766 1185 2975 1247 Immo
3034 1182 3141 1244 hic

547 1301 647 1356 est
691 1293 908 1361 locus:
962 1287 1035 1358 »ὁ
1067 1304 1226 1378 γοῦν
1256 1293 1537 1359 πάντων
1567 1293 2019 1380 πονηρότατος
2062 1286 2404 1380 Βάτραχος
2437 1295 2615 1379 πλὴν
2660 1294 2922 1372 τούτου,
2959 1290 3134 1376 γενό-

543 1425 735 1486 μενος
794 1402 902 1468 ἐπὶ
959 1411 1097 1470 τῶν
1153 1403 1510 1489 τριάκοντα
1578 1405 1869 1490 μηνυτὴς
1943 1406 2052 1469 καὶ
2112 1403 2328 1471 οὐσῶν
2391 1402 2578 1489 αὐτῷ
2626 1409 2983 1490 συνθηκῶν
3028 1396 3141 1467 καὶ

547 1508 768 1598 ὅρκων
812 1513 1199 1597 καθάπερ
1263 1527 1401 1582 τοῖς
1446 1511 1960 1583 Ἐλευσινόθενα.
2072 1516 2376 1597 Quocum
2437 1517 2584 1580 loco
2647 1513 2922 1581 Grosser
2983 1514 3135 1580 diss.

547 1644 609 1704 Ρ.
661 1636 739 1704 33
790 1644 886 1704 sq.
937 1633 1277 1707 comparat
1340 1626 1629 1688 eiusdem
1690 1628 2003 1690 orationis
2062 1631 2101 1708 ξ
2153 1645 2186 1707 3
2200 1643 2267 1706 7:
2342 1625 2815 1711 »Πυνθάνομαι
2875 1619 3140 1689 δἀὐτὸν

547 1723 1011 1819 (Andocidem)
1054 1735 1311 1822 μέλλειν
1357 1734 1902 1820 ἀπολογήσεσθαι,
1965 1731 2054 1814 ὡς
2113 1734 2180 1800 αἱ
2240 1740 2566 1823 συνθῆκαι
2612 1737 2721 1802 καὶ
2787 1733 2975 1819 αὐτῷ
3019 1734 3141 1798 εἰσι

544 1843 854 1930 καθάπερ
934 1847 1043 1911 καὶ
1101 1859 1241 1922 τοῖς
1307 1839 1531 1922 ἄλλοις
1581 1842 2007 1932 Άθηναίοιςι,
2081 1857 2146 1910 et
2216 1848 2364 1909 inde
2410 1848 2656 1929 colligit
2723 1846 3138 1912 Andocidem

545 1965 815 2038 propter
871 1958 1150 2040 priorem
1209 1959 1592 2020 amnestiam
1652 1958 2099 2037 postulavisse,
2161 1967 2232 2021 ut
2293 1958 2688 2032 liberaretur,
2737 1956 3129 2020 Batrachum

543 2067 920 2150 posterioris
981 2069 1363 2151 participem
1428 2067 1639 2130 fuisse.
1738 2068 1872 2132 Sed
1934 2089 2066 2143 non
2127 2068 2464 2142 habemuS,
2531 2068 2706 2148 quod
2754 2067 2836 2129 de
2885 2066 3137 2128 duabus

558 2177 887 2239 amnestiis
931 2177 1053 2240 hos
1100 2178 1263 2240 duos
1309 2178 1487 2241 locos
1534 2176 2005 2259 intellegamus,
2078 2180 2279 2241 immo
2340 2180 2425 2241 ad
2484 2178 2758 2241 eandem
2824 2176 3133 2239 referendi

546 2294 713 2360 sunt,
760 2307 927 2368 quae
989 2308 1116 2350 una
1169 2297 1323 2370 post
1378 2288 1684 2352 Eleusina
1744 2299 2186 2372 recuperatam
2249 2290 2508 2352 decreta
2555 2299 2674 2362 est,
2753 2297 2951 2368 atque
3009 2286 3134 2349 hoc

547 2395 749 2458 modo
779 2396 843 2457 hi
878 2396 1003 2460 loci
1037 2407 1210 2461 recte
1244 2398 1674 2481 explicantur:
1712 2401 2091 2464 Andocides
2124 2401 2280 2463 dicit
2311 2420 2380 2461 se
2427 2420 2632 2481 aeque
2665 2408 2862 2481 atque
2911 2416 3135 2460 omnes

543 2506 978 2570 Athenienses
1040 2510 1401 2572 amnestiae
1463 2512 1846 2595 participem
1902 2513 2080 2586 ''esse,
2154 2512 2334 2574 cuius
2410 2511 2697 2573 eiusdem
2783 2507 3134 2571 amnestiae

547 2616 683 2681 iure
726 2619 1053 2701 particeps
1101 2630 1199 2682 est
1222 2620 1596 2696 BatrachuS,
1647 2643 1860 2704 neque
1907 2623 2115 2684 minus
2163 2631 2262 2684 est
2308 2641 2505 2703 quam
2549 2617 2609 2685 οἱ
2667 2614 3131 2692 Ἐλευσινόθεν,

547 2748 583 2788 e
616 2729 852 2810 quibus
879 2729 1037 2812 -ipse
1081 2749 1244 2791 unus
1288 2729 1484 2793 fuisse
1528 2732 1800 2807 videtur,
1853 2734 1950 2795 i.e.
2005 2753 2203 2812 quam
2252 2731 2309 2794 ei
2346 2731 2589 2804 urbani,
2638 2749 2919 2812 quorum
2952 2728 3133 2792 multi

548 2838 806 2900 iniurias
850 2858 1048 2921 quam
1096 2840 1415 2902 maximas
1462 2842 1525 2904 in
1571 2843 1921 2925 populares
1967 2843 2440 2905 commiserant.

759 2949 864 3012 Ex
906 2950 1264 3013 Andocidis
1311 2951 1510 3033 ipsius
1557 2953 1865 3016 orationis
1913 2956 1954 3034 ξ
2003 2956 2105 3027 81,
2155 2972 2320 3033 quae
2363 2972 2558 3032 supra
2601 2952 2663 3035 (ξ
2697 2951 2764 3034 6)
2811 2947 3134 3029 exscripta

547 3021 797 3140 legitur,
850 3059 1165 3124 Grossero
1194 3081 1508 3144 apparere
1536 3063 1790 3126 videtur
1820 3064 2039 3126 statim
2087 3071 2240 3146 post
2271 3062 2564 3125 exsulum
2605 3062 2883 3124 reditum
2918 3079 3131 3122 amne·

544 3170 733 3233 stiam
768 3170 1093 3233 decretam
1126 3192 1286 3245 esse,
1323 3171 1437 3234 sed
1469 3172 1550 3235 de
1583 3174 1964 3239 enunciato:
2021 3169 2277 3256 »ἐπειδὴ
2323 3168 2378 3236 δ’
2422 3169 2828 3256 ἐπανήλθετε
2874 3166 2947 3234 ἐκ
2993 3169 3133 3234 Πει-

543 3279 810 3364 ραιέως(
865 3282 1091 3346 eadem
1140 3282 1374 3356 valent,
1423 3301 1591 3362 quae
1638 3283 1719 3346 de
1783 3283 2125 3366 participio
2181 3280 2622 3357 κατελθόντες
2687 3283 2814 3343 iam
2874 3265 3136 3362 saepius

543 3391 978 3474 exposuimus.
1089 3392 1319 3473 Neque
1383 3391 1532 3455 licet
1590 3414 1672 3455 ex
1750 3395 1980 3457 ceteris
2043 3393 2348 3473 colligere
2413 3391 2748 3454 minimum
2816 3389 3132 3469 temporis

539 3501 821 3583 spatium
870 3501 1273 3565 interiectum
1321 3522 1483 3570 esse.
1578 3502 1822 3567 Contra
1865 3505 2063 3566 verba
2127 3501 2509 3587 »γενόμενον
2570 3497 2675 3583 ἐφ’
2733 3496 2886 3585 ὑμῖν
2942 3521 3131 3584 τιμω·

537 3614 839 3693 ρετσθαιι
880 3620 1103 3692 aperte
1135 3611 1377 3675 faciunt
1421 3633 1542 3697 pro
1588 3632 1734 3675 mea
1777 3614 2114 3687 sententia,
2162 3634 2313 3676 nam
2361 3633 2446 3676 ex
2492 3613 2586 3675 eis
2632 3611 2841 3676 elucet
2875 3610 3134 3674 exsules

543 3741 673 3783 non
720 3722 850 3784 iam
896 3731 1162 3804 propter
1207 3723 1385 3806 pacis
1432 3723 1849 3786 condiciones
1911 3724 2170 3786 iniurias
2229 3723 2534 3807 acceptas
2593 3722 2920 3785 oblivione
2983 3742 3132 3784 eon·

539 3831 806 3907 trivisse,
855 3832 973 3895 sed
1019 3852 1133 3895 eos
1178 3852 1295 3896 sua
1341 3842 1578 3915 sponte
1622 3833 1750 3897 hoc
1797 3835 2226 3902 constituisse.
2318 3835 2423 3896 De
2469 3835 2552 3914 ἐξ
2606 3848 2694 3913 90
2741 3841 2809 3895 et
2866 3849 2945 3912 91
3003 3832 3130 3895 iam

540 3940 696 4003 satis
751 3961 948 4022 supra
994 3943 1056 4026 (ξ
1103 3944 1146 4005 6
1191 3952 1257 4007 et
1301 3946 1341 4025 ἓ
1397 3945 1496 4027 19)
1545 3943 1947 4026 disputatum
1993 3953 2109 4007 est.
2182 3944 2218 4027 ἓ
2275 3960 2390 4022 103
2442 3945 2640 4006 verba
2705 3941 3133 4026 »διηλλάγητε

539 4051 648 4116 καὶ
694 4042 931 4135 ὅρκους
974 4047 1304 4135 ὠμόσατε(
1345 4054 1468 4115 iam
1515 4054 1579 4137 (ξ
1616 4057 1676 4139 7)
1710 4054 1992 4117 diximus
2037 4054 2311 4117 fortasse
2343 4053 2426 4116 de
2457 4054 2593 4116 sola
2624 4073 2788 4136 pace
2819 4053 3129 4117 Pausania

538 4169 804 4224 auctore
851 4160 1019 4225 facta
1067 4162 1498 4244 intellegenda
1544 4184 1702 4239 esse,
1754 4183 1901 4228 cum
1949 4164 1984 4248 ξ
2042 4177 2157 4245 105
2225 4163 2576 4246 praecipue
2634 4164 2717 4226 ad
2774 4165 3132 4226 amnestiae

539 4270 898 4336 iuramenta
942 4273 1284 4355 pertineat.

748 4381 894 4445 Hac
937 4381 1129 4463 igitur
1172 4403 1365 4446 causa
1410 4404 1541 4447 non
1588 4385 1899 4447 adversus
1956 4384 2341 4448 amnestiam
2391 4385 2683 4448 instituta
2746 4385 2943 4448 etiam
3001 4383 3131 4446 hae

541 4490 867 4556 orationes
913 4492 1369 4578 Xenophontis
1411 4495 1611 4561 verba
1653 4496 1916 4559 laudata
1957 4475 2296 4569 affirmant,
2365 4516 2513 4558 nam
2562 4503 2898 4560 aecusator
2952 4496 2992 4576 ξ
3043 4509 3127 4578 37
