3459 5050
822 1439 843 1555 J
955 1440 959 1443 “
1053 1438 1570 1542 Excursus
1646 1437 1775 1542 ad
1856 1462 2155 1576 caput
2225 1428 2681 1589 primurn.

784 1668 824 1747 g
871 1683 932 1746 9.
1029 1666 1282 1747 Quibus
1329 1670 1644 1751 expositis
1689 1672 1842 1734 addi
1891 1675 2156 1749 oportet
2186 1668 2806 1732 commentationem
2855 1669 3156 1750 de‘quae-

571 1775 888 1841 stionibus
938 1778 1273 1852 nonnulliS,
1325 1799 1492 1860 quae
1536 1782 1856 1862 propositi
1905 1778 2106 1842 nostri
2152 1793 2303 1859 pars
2349 1795 2480 1837 non
2542 1784 2712 1849 sunt,
2776 1768 3013 1857 quibus
3068 1786 3154 1838 ta·

569 1904 718 1949 men
765 1886 1076 1966 neglectis
1123 1889 1204 1949 de
1248 1890 1442 1951 rebus
1486 1892 1929 1971 compluribus
1973 1899 2038 1951 et
2099 1887 2191 1948 eis
2252 1884 2440 1947 huius
2502 1885 2969 1948 dissertationis
3031 1876 3155 1947 am-

568 1995 871 2075 plissimis
917 2006 1089 2060 recte
1137 1998 1649 2063 diiudicari‘non
1683 2010 1920 2081 potest.
2014 1999 2301 2062 Maxime
2349 1997 2520 2058 enim
2556 1997 2639 2058 ad
2686 1976 2822 2058 rem
2857 1997 3156 2076 proximo

568 2106 781 2188 capite
841 2108 1247 2171 tractandam
1306 2116 1527 2172 nostra
1589 2112 1873 2184 interest,
1934 2108 2271 2193 quomodo
2335 2127 2466 2189 pax
2525 2107 2840 2170 Pausania
2898 2117 3156 2169 auctore

566 2217 932 2296 composita
980 2217 1150 2283 sacta
1197 2227 1261 2281 et
1306 2218 1593 2301 perfecta
1640 2222 1740 2295 sit,
1790 2221 1872 2282 de
1921 2240 2051 2303 qua
2094 2233 2161 2281 re
2206 2219 2383 2297 apud
2430 2219 2776 2301 scriptores
2822 2217 2978 2280 nihil
3026 2216 3157 2279 fere

565 2328 855 2399 traditur,
906 2329 1139 2391 deinde
1187 2329 1342 2413 quid
1386 2330 1513 2393 sint
1581 2323 1804 2414 »ὅρκοι
1861 2331 1970 2395 καὶ
2033 2331 2424 2414 συνθῆκαιι,
2474 2351 2607 2412 quo
2655 2329 2915 2391 nomine
2963 2347 3159 2409 saepe

564 2439 949 2502 amnestiam
997 2441 1202 2501 notari
1250 2440 2032 2514 iamdemonstravimuS,
2084 2440 2466 2523 praesertim
2509 2459 2657 2502 cum
2706 2459 2744 2501 a
2792 2439 3152 2500 recentiori-

564 2548 685 2611 bus
728 2549 881 2611 viris
927 2550 1138 2613 doctis
1180 2550 1340 2613 haec
1383 2552 1584 2615 verba
1642 2553 1724 2613 de
1788 2551 2106 2614 amnestia
2164 2549 2455 2612 adhibita
2515 2549 2674 2613 falso
2737 2549 3150 2632 explicentur.

565 2656 751 2739 Quae
813 2661 1225 2739 quaestiones
1296 2663 1605 2744 quoniam
1682 2662 1800 2723 nisi
1872 2661 2008 2726 aliis
2071 2660 2278 2743 pactis
2341 2653 2751 2740 comparatis'
2796 2660 2957 2721 solvi
3028 2679 3159 2722 non

562 2778 855 2851 possunt,
903 2770 1352 2855 inquirendum
1402 2772 1558 2834 mihi
1607 2771 1725 2833 fuit
1789 2772 1851 2833 in
1912 2772 2181 2835 aliorum
2211 2778 2569 2853 *pactorum
2618 2766 2939 2848 exempla,
2991 2787 3156 2850 quae

562 2899 695 2942 non
741 2880 830 2941 ita
874 2901 1085 2961 pauca
1132 2882 1365 2957 inveni,
1418 2902 1454 2942 e
1498 2882 1736 2965 quibus
1772 2901 1968 2943 unum
2014 2880 2204 2962 elegi,
2236 2879 2413 2963 quod
2454 2878 2754 2940 omnibus
2803 2877 2921 2941 illis
2969 2898 3152 2961 quae·

562 2989 879 3052 stionibus
925 2993 1293 3073 respondet,
1343 2991 1522 3076 quod
1571 3000 1787 3054 exstat
1833 2992 2008 3074 apud
2054 2989 2510 3071 Thucydidem
2557 2988 2649 3051 IV
2706 3004 3066 3069 117—119.

771 3099 1192 3181 Thucydides
1236 3121 1316 3163 eo
1363 3100 1509 3163 loco
1557 3100 1847 3184 pluribus
1893 3100 2108 3163 verbis
2155 3109 2389 3172 narrat,
2439 3097 2774 3181 quomodo
2819 3117 2990 3160 anno
3022 3112 3146 3175 423

562 3208 1064 3273 Lacedaemonii
1129 3220 1195 3273 et
1256 3210 1694 3274 Athenienses
1772 3210 2054 3272 indutias
2126 3208 2421 3282 fecerint,
2495 3208 2808 3291 additque
2872 3206 3144 3279 tabulaS‚

563 3339 728 3403 quae
760 3339 988 3381 omnes
1017 3322 1347 3383 continent
1392 3320 1785 3383 indutiarum
1816 3319 2250 3393 condicioneS‚
2286 3338 2450 3399 quas
2506 3317 2920 3401 »συνθήκαςι
2978 3315 3153 3378 intel-

561 3426 867 3506 legendas
892 3448 1054 3502 esse,
1091 3437 1162 3490 ut
1192 3437 1440 3491 ceteros
1463 3428 1643 3492 locos
1671 3429 2112 3510 neglegamus,
2149 3430 2277 3489 iam
2308 3428 2517 3491 elucet
2544 3449 2580 3489 e
2613 3428 2858 3492 verbis:
2902 3435 3149 3491 »ταῦτα

559 3536 978 3619 §wellam-o«,
1029 3539 1266 3620 quibus
1301 3540 1485 3602 initio
1533 3540 1762 3621 capitis
1805 3556 1925 3619 119
1957 3538 2073 3600 has
2105 3538 2520 3600 condiciones
2552 3536 2890 3618 significat.
2987 3536 3151 3598 Con-

560 3647 922 3710 dicionibus
969 3658 1188 3711 autem
1235 3651 1613 3731 compositis
1662 3672 1795 3732 pax
1843 3652 1984 3734 ipsa
2031 3660 2167 3713 rata
2209 3648 2409 3713 fiebat
2456 3670 2556 3723 e0,
2608 3649 2786 3730 quod
2821 3649 3145 3727 paciscen-

558 3767 656 3820 tes
702 3778 844 3821 sese
893 3770 1089 3841 pacta
1120 3769 1488 3822 servaturos
1536 3782 1678 3823 esse
1708 3761 2130 3824 libationibus
2177 3759 2483 3823 adhibitis
2518 3759 2838 3825 iurabant.
2933 3756 3149 3839 Quam

566 3868 652 3930 ob
698 3889 834 3933 rem
881 3870 944 3932 in
978 3871 1345 3933 tabularum
1391 3870 1518 3932 fine
1565 3872 2053 3952 praescribitur:
2112 3871 2540 3934 »σπείσασθαι
2586 3868 2651 3932 δὲ
2697 3864 2933 3933 αὐτίκα
2976 3847 3152 3951 μάλα

563 3975 686 4053 τὰς
731 3980 1072 4064 πρεσβείας
1115 3978 1187 4043 ἐν
1226 3982 1328 4062 τῷ
1373 3978 1556 4063 δήμῳ
1585 3977 1709 4055 τὰς
1738 3980 2074 4065 παρούσας
2119 3974 2161 4064 ἦ
2188 3980 2319 4065 μὴν
2348 3977 2638 4063 ἐμμενεῖν
2668 3977 2739 4043 ἐν
2765 3991 2909 4053 ταῖς
2956 3994 3148 4041 σπου·

558 4088 695 4163 δαῖς
735 4088 858 4153 τὸν
903 4086 1270 4153 ἐνιαυτόνι.
1367 4087 1518 4168 Quo
1576 4090 1680 4162 fit,
1750 4100 1820 4153 ut
1882 4091 2043 4153 haec
2105 4090 2307 4154 altera
2364 4091 2570 4171 pacis
2602 4087 2933 4152 faciendae
2996 4106 3145 4166 pars

557 4218 713 4261 mox
743 4198 1103 4281 appelletur
1131 4191 1314 4283 ὅρκοι
1351 4218 1508 4261 mox
1557 4200 1852 4277 σπονδαί,
1902 4210 1971 4263 ut
2000 4200 2204 4262 Thuc.
2267 4216 2386 4279 119
2433 4200 2619 4263 dicit:
2693 4207 2938 4263 »ταῦτα
3001 4205 3145 4280 ξυν-

553 4308 789 4373 έθεντο
812 4356 1000 4376 .....
1064 4310 1172 4372 καὶ
1247 4304 1543 4393 ὤμοσανι
1627 4320 1693 4372 et
1758 4311 1979 4393 paucis
2038 4311 2252 4373 verbis
2298 4319 2451 4391 post
2508 4309 2739 4372 eadem
2783 4306 3148 4372 sententia:

561 4417 955 4500 »ξυνέθεντο
1000 4417 1067 4481 δὲ
1112 4420 1220 4483 καὶ
1267 4416 1719 4486 ἐσπένδοντοι.
1813 4417 1905 4482 Ut
1952 4420 2185 4482 deinde
2232 4438 2615 4499 quaeramus
2637 4468 2650 4493 ,
2702 4418 2844 4500 quis
2903 4417 3147 4496 pactio-

559 4547 708 4590 nem
755 4527 992 4601 fecerit,
1043 4529 1302 4592 tabulae
1365 4531 1543 4612 ipsae
1606 4529 1957 4591 ostendunt
2021 4543 2086 4591 et
2129 4530 2686 4592 Lacedaemonios
2741 4546 2892 4591 cum
2951 4526 3148 4587 sociis
