3459 5050
1779 327 1821 404 6⁴

493 546 533 634 ξ
587 570 681 636 17.
776 555 1344 639 Detrigintaviris
1390 578 1518 619 non
1565 557 1868 620 omnibus
1913 557 2263 619 interfectis
2292 607 2753 620 ...........
2807 575 2954 638 pag.
3005 570 3091 636 47
3207 622 3210 625 ,

493 667 533 744 ξ
588 669 682 729 18.
776 666 888 729 Ab
935 669 1253 730 amnestia
1296 688 1450 731 vera
1496 668 1818 730 neminem
1854 669 2186 730 exclusum
2235 687 2376 730 esse
2432 687 2563 728 non
2609 669 2774 730 tradi
2881 694 2906 726 2
3006 683 3093 747 49

492 777 532 855 ξ
586 792 683 856 19.
778 777 880 841 De
928 778 1305 840 iuramentis
1351 778 1527 860 apud
1574 778 1995 840 Andocidem
2043 777 2294 840 traditis
2334 828 2747 842 ..........
2882 805 2906 837 v
3013 791 3094 858 50

491 889 532 965 ξ
580 902 683 952 20.
777 888 880 950 De
926 887 1082 951 locis
1129 889 1386 952 duobus
1435 889 1629 951 Isocr.
1680 889 1802 950 VII
1849 889 1932 969 67
1981 898 2047 951 et
2090 889 2241 951 Plat.
2294 887 2467 953 Men.
2527 906 2605 966 14
2646 941 2659 953 .
2694 941 2748 950 ..
2879 915 2904 947 »
3012 902 3089 967 52

491 998 532 1076 ἓ
580 1014 681 1059 21.
778 997 882 1059 De
931 998 1084 1060 locis
1115 1008 1397 1082 septem:
1434 999 1585 1080 LyS.
1613 999 1672 1061 11
1704 999 1810 1077 64,
1845 999 2001 1062 XIV
2037 1015 2140 1080 34,
2189 1000 2497 1065 Aeschin.
2534 999 2590 1060 II
2630 999 2770 1079 176,

779 1108 867 1171 III
933 1112 1079 1183 208,
1143 1109 1334 1176 Dem.
1397 1109 1521 1172 XX
1577 1126 1643 1171 11
1699 1129 1818 1192 sq„
1880 1109 2148 1189 Dionys,
2212 1111 2293 1171 de
2339 1110 2495 1190 LyS.
2546 1131 2599 1171 c.
2654 1126 2754 1188 32,

562 1272 565 1273 γ
779 1219 976 1283 schol.
1031 1220 1115 1282 ad
1161 1221 1276 1282 Ar.
1326 1221 1484 1286 Plut.
1545 1223 1711 1298 1146
1890 1269 2745 1284 ....................
2873 1246 2898 1278 »
3006 1233 3080 1298 53

493 1331 528 1414 ἓ
579 1347 681 1397 22.
775 1331 878 1392 De
923 1331 1080 1393 locis
1113 1331 1347 1396 tribus:
1399 1330 1588 1393 Corn.
1623 1331 1788 1413 Nep.
1842 1331 2167 1412 Thrasyb.
2221 1346 2277 1408 3,
2327 1330 2541 1394 Valer.
2596 1329 2768 1395 Max.

782 1441 875 1504 IV
931 1458 1048 1519 1,4‚
1095 1441 1291 1504 Diod.
1326 1441 1481 1503 XIV
1531 1459 1610 1520 33
1632 1488 2754 1505 ..........................
2884 1465 2908 1498 ‹
3014 1453 3091 1520 57

494 1553 534 1631 ξ
583 1567 683 1631 23.
780 1550 884 1613 De
908 1551 1064 1613 locis
1091 1551 1410 1615 nonnullis
1435 1550 1519 1614 ad
1539 1549 1870 1614 Ciceronis
1886 1552 2271 1613 amnestiam
2291 1550 2764 1631 pertinentibus
2879 1576 2904 1608 ›
3012 1554 3087 1629 58

496 1661 535 1745 ξ
582 1678 682 1739 24.
781 1660 1066 1723 Omnino
1114 1682 1253 1724 non·
1292 1683 1451 1735 esse,
1502 1663 1682 1744 quod
1734 1660 2120 1724 Grosserum
2167 1681 2516 1742 sequamur
2563 1713 2573 1725 .
2653 1713 2663 1723 .
2742 1713 2752 1723 .
2879 1688 2905 1720 >
3013 1673 3090 1739 59

498 2213 540 2290 ἓ
585 2148 688 2291 23-

498 2323 540 2400 ἓ
587 2323 687 2383 26.

364 2494 379 2512 .
497 2435 537 2512 ἓ
586 2447 687 2513 27·

498 2546 538 2623 ξ
585 2546 685 2606 28.

499 2656 539 2733 ξ
586 2670 687 2732 29.

500 2766 541 2843 ἓ
590 2781 694 2843 30·

498 2876 540 2953 ἓ
588 2890 690 2954 31-

501 2987 542 3065 §
593 3002 694 3063 32.

505 3176 545 3254 ἓ
595 3192 694 3254 33·

1511 1851 1732 1954 Caput
1783 1853 2077 1934 tertium.

1041 2035 1176 2106 De
1235 2033 1823 2106 orationibus
1884 2032 2543 2130 compluribus,

784 2211 886 2275 De
928 2212 1247 2274 amnestia
1289 2220 1545 2274 servata
1583 2261 1773 2274 .....
1811 2268 1817 2274 .
1851 2261 2751 2274 ....................
2801 2227 2954 2291 pag.
3003 2207 3081 2269 61

782 2321 886 2384 De
930 2322 1164 2402 Lysiae
1212 2323 1504 2384 oratione
1551 2321 1726 2410 XII„
1760 2371 2751 2387 ......................
2879 2345 2905 2377 >
3006 2318 3092 2395 64

784 2433 886 2494 De
929 2433 1169 2513 Lysiae
1212 2433 1507 2495 oratione
1553 2432 1834 2495 XXXIV
1850 2480 2749 2496 .....................
2880 2456 2905 2488 >
3005 2428 3092 2490 68

783 2544 893 2605 De·
933 2544 1170 2625 Lysiae
1218 2545 1513 2606 oratione
1560 2544 1748 2606 XXV
1765 2592 2577 2606 .................
2656 2598 2663 2604 .
2700 2594 2710 2605 .
2744 2594 2755 2605 .
2881 2569 2907 2601 >
3013 2556 3097 2622 70

785 2654 886 2715 De
934 2654 1232 2717 Isocratis
1281 2656 1572 2717 oratione
1618 2654 1835 2716 XVIII
1851 2702 2753 2717 .....................
2879 2679 2905 2711 >
3010 2654 3082 2714 81

787 2764 893 2825 De
939 2765 1302 2826 Andocidis
1350 2766 1642 2826 oratione
1690 2763 1716 2825 I
1766 2773 1832 2826 et
1877 2764 2114 2845 Lysiae
2162 2765 2451 2829 oratione
2499 2764 2618 2827 VI.
2653 2816 2664 2827 .
2697 2815 2753 2826 ..
2880 2791 2904 2821 ι
3010 2763 3122 2832 86,

785 2875 887 2937 De
935 2875 1169 2956 Lysiae
1218 2876 1618 2937 orationibus
1662 2875 1814 2937 XIII
1860 2885 1927 2937 et
1971 2875 2185 2937 XVIII
2204 2925 2750 2938 .............
2878 2901 2902 2936 >
3009 2876 3094 2952 89

789 2985 891 3047 De
937 2983 1174 3068 Lysiae
1223 2987 1627 3049 orationibus
1672 2985 1904 3059 XXXI,
1953 2985 2128 3058 XVI,
2176 2985 2392 3048 XXVI
2432 3036 2755 3049 ........
2884 3012 2909 3043 ›
3008 3000 3086 3064 91

796 3174 1108 3262 Epssouus
1135 3226 1637 3241 .............
1668 3228 1673 3232 .
1715 3224 1903 3241 .....
1931 3200 1935 3207 ·
1935 3224 2752 3242 ..............
2884 3201 2909 3233 ›
3009 3188 3090 3253 93
