<?xml version="1.0" encoding="UTF-8"?>
<!DOCTYPE html PUBLIC "-//W3C//DTD XHTML 1.0 Transitional//EN"
    "http://www.w3.org/TR/xhtml1/DTD/xhtml1-transitional.dtd">
<html xmlns="http://www.w3.org/1999/xhtml" xml:lang="en" lang="en">
 <head>
  <title>
</title>
<meta http-equiv="Content-Type" content="text/html;charset=utf-8" />
  <meta name='ocr-system' content='tesseract 3.04.00' />
  <meta name='ocr-capabilities' content='ocr_page ocr_carea ocr_par ocr_line ocrx_word'/>
</head>
<body>
  <div class='ocr_page' id='page_1' title='image "./deamnestiaannoc01luebgoog_0068.png"; bbox 0 0 3459 5050; ppageno 0'>
   <div class='ocr_carea' id='block_1_1' title="bbox 1818 294 1896 389">
    <p class='ocr_par' dir='ltr' id='par_1_1' title="bbox 1818 294 1896 389">
     <span class='ocr_line' id='line_1_1' title="bbox 1818 294 1896 389; baseline 0 -15"><span class='ocrx_word' id='word_1_1' title='bbox 1818 294 1896 389; x_wconf 67' lang='lat'><strong>58</strong></span> 
     </span>
    </p>
   </div>
   <div class='ocr_carea' id='block_1_2' title="bbox 534 522 3162 4568">
    <p class='ocr_par' dir='ltr' id='par_1_2' title="bbox 534 522 3162 1600">
     <span class='ocr_line' id='line_1_2' title="bbox 552 522 3162 606; baseline 0 -20"><span class='ocrx_word' id='word_1_2' title='bbox 552 542 818 604; x_wconf 85' lang='lat' dir='ltr'><strong>prorsus</strong></span> <span class='ocrx_word' id='word_1_3' title='bbox 887 524 1193 606; x_wconf 84' lang='lat' dir='ltr'><strong>neglegit.</strong></span> <span class='ocrx_word' id='word_1_4' title='bbox 1290 524 1488 605; x_wconf 81' lang='lat' dir='ltr'><strong>Quod</strong></span> <span class='ocrx_word' id='word_1_5' title='bbox 1544 533 1777 587; x_wconf 77' lang='lat' dir='ltr'><strong>autem</strong></span> <span class='ocrx_word' id='word_1_6' title='bbox 1823 522 2098 588; x_wconf 88' lang='lat' dir='ltr'><strong>Grosser</strong></span> <span class='ocrx_word' id='word_1_7' title='bbox 2177 532 2448 588; x_wconf 90' lang='lat' dir='ltr'><strong>annotat</strong></span> <span class='ocrx_word' id='word_1_8' title='bbox 2512 525 2877 586; x_wconf 88' lang='lat' dir='ltr'><strong>Diodorum</strong></span> <span class='ocrx_word' id='word_1_9' title='bbox 2947 525 3162 606; x_wconf 87' lang='lat' dir='ltr'><strong>ipsum</strong></span> 
     </span>
     <span class='ocr_line' id='line_1_3' title="bbox 548 632 3161 719; baseline -0.001 -23"><span class='ocrx_word' id='word_1_10' title='bbox 548 634 669 705; x_wconf 87' lang='lat' dir='ltr'><strong>sibi</strong></span> <span class='ocrx_word' id='word_1_11' title='bbox 716 654 946 716; x_wconf 83' lang='lat' dir='ltr'><strong>pacem</strong></span> <span class='ocrx_word' id='word_1_12' title='bbox 995 643 1061 697; x_wconf 85' lang='lat' dir='ltr'><strong>et</strong></span> <span class='ocrx_word' id='word_1_13' title='bbox 1106 635 1490 696; x_wconf 83' lang='lat' dir='ltr'>amnestiam</span> <span class='ocrx_word' id='word_1_14' title='bbox 1538 635 1711 695; x_wconf 91' lang='lat' dir='ltr'><strong>idem</strong></span> <span class='ocrx_word' id='word_1_15' title='bbox 1758 632 1889 697; x_wconf 89' lang='lat' dir='ltr'><strong>fere</strong></span> <span class='ocrx_word' id='word_1_16' title='bbox 1931 636 2146 698; x_wconf 84' lang='lat' dir='ltr'><strong>valere</strong></span> <span class='ocrx_word' id='word_1_17' title='bbox 2207 636 2329 697; x_wconf 87' lang='lat' dir='ltr'><strong>sub</strong></span> <span class='ocrx_word' id='word_1_18' title='bbox 2376 632 2570 696; x_wconf 87' lang='lat' dir='ltr'><strong>finem</strong></span> <span class='ocrx_word' id='word_1_19' title='bbox 2617 634 2846 719; x_wconf 89' lang='lat' dir='ltr'><strong>capitis</strong></span> <span class='ocrx_word' id='word_1_20' title='bbox 2891 653 3161 719; x_wconf 76' lang='lat' dir='ltr'><strong>sequen-</strong></span> 
     </span>
     <span class='ocr_line' id='line_1_4' title="bbox 550 742 3154 829; baseline -0 -23"><span class='ocrx_word' id='word_1_21' title='bbox 550 745 644 806; x_wconf 87' lang='lat' dir='ltr'><strong>tis·</strong></span> <span class='ocrx_word' id='word_1_22' title='bbox 676 745 1042 817; x_wconf 85' lang='lat' dir='ltr'><strong>ostendere,</strong></span> <span class='ocrx_word' id='word_1_23' title='bbox 1096 745 1204 806; x_wconf 89' lang='lat' dir='ltr'><strong>ubi</strong></span> <span class='ocrx_word' id='word_1_24' title='bbox 1253 745 1453 806; x_wconf 89' lang='lat' dir='ltr'><strong>dicat:</strong></span> <span class='ocrx_word' id='word_1_25' title='bbox 1512 742 1609 808; x_wconf 77' lang='grc' dir='ltr'><strong>»οἱ</strong></span> <span class='ocrx_word' id='word_1_26' title='bbox 1660 747 2018 829; x_wconf 86' lang='grc' dir='ltr'><em>Κυρηναῖοι</em></span> <span class='ocrx_word' id='word_1_27' title='bbox 2066 744 2234 829; x_wconf 83' lang='grc' dir='ltr'><em>πρὸς</em></span> <span class='ocrx_word' id='word_1_28' title='bbox 2292 742 2616 828; x_wconf 75' lang='grc' dir='ltr'><em>ἀλλήλους</em></span> <span class='ocrx_word' id='word_1_29' title='bbox 2658 742 3154 828; x_wconf 80' lang='grc' dir='ltr'><em>διαπρεσβευσά-</em></span> 
     </span>
     <span class='ocr_line' id='line_1_5' title="bbox 534 837 3155 940; baseline -0 -23"><span class='ocrx_word' id='word_1_30' title='bbox 534 875 728 936; x_wconf 66' lang='grc' dir='ltr'><em>,μενοι</em></span> <span class='ocrx_word' id='word_1_31' title='bbox 769 837 1214 938; x_wconf 61' lang='grc' dir='ltr'><em>διηλλάγησαν</em></span> <span class='ocrx_word' id='word_1_32' title='bbox 1256 854 1366 916; x_wconf 83' lang='grc' dir='ltr'><em>καὶ</em></span> <span class='ocrx_word' id='word_1_33' title='bbox 1425 858 1820 940; x_wconf 85' lang='grc' dir='ltr'><em>παραχρῆμα</em></span> <span class='ocrx_word' id='word_1_34' title='bbox 1868 850 2446 939; x_wconf 86' lang='grc' dir='ltr'><em>ὁρκωμοτήσαντες</em></span> <span class='ocrx_word' id='word_1_35' title='bbox 2508 854 2596 939; x_wconf 77' lang='grc' dir='ltr'><strong>μὴ</strong></span> <span class='ocrx_word' id='word_1_36' title='bbox 2649 854 3155 938; x_wconf 75' lang='grc' dir='ltr'><em>μνησικακήσειν</em></span> 
     </span>
     <span class='ocr_line' id='line_1_6' title="bbox 550 959 3154 1048; baseline -0.001 -21"><span class='ocrx_word' id='word_1_37' title='bbox 550 966 739 1045; x_wconf 82' lang='grc' dir='ltr'><em>κοινῇ</em></span> <span class='ocrx_word' id='word_1_38' title='bbox 780 962 904 1047; x_wconf 84' lang='grc' dir='ltr'><strong>τὴν</strong></span> <span class='ocrx_word' id='word_1_39' title='bbox 948 962 1145 1027; x_wconf 74' lang='grc' dir='ltr'><em>πόλιν</em></span> <span class='ocrx_word' id='word_1_40' title='bbox 1189 959 1648 1048; x_wconf 64' lang='grc' dir='ltr'><em>κατῴκησανι,</em></span> <span class='ocrx_word' id='word_1_41' title='bbox 1698 965 1806 1047; x_wconf 90' lang='lat' dir='ltr'><strong>(de</strong></span> <span class='ocrx_word' id='word_1_42' title='bbox 1853 966 2088 1047; x_wconf 89' lang='lat' dir='ltr'><strong>quibus</strong></span> <span class='ocrx_word' id='word_1_43' title='bbox 2131 965 2345 1027; x_wconf 89' lang='lat' dir='ltr'><strong>verbis</strong></span> <span class='ocrx_word' id='word_1_44' title='bbox 2393 963 2808 1027; x_wconf 87' lang='lat' dir='ltr'><strong>conferantur</strong></span> <span class='ocrx_word' id='word_1_45' title='bbox 2838 984 2934 1036; x_wconf 88' lang='lat' dir='ltr'><strong>ea,</strong></span> <span class='ocrx_word' id='word_1_46' title='bbox 2984 983 3154 1046; x_wconf 88' lang='lat' dir='ltr'><strong>quae</strong></span> 
     </span>
     <span class='ocr_line' id='line_1_7' title="bbox 550 1072 3151 1158; baseline -0.001 -22"><span class='ocrx_word' id='word_1_47' title='bbox 550 1079 744 1156; x_wconf 80' lang='lat' dir='ltr'><strong>supra</strong></span> <span class='ocrx_word' id='word_1_48' title='bbox 788 1075 856 1157; x_wconf 64' lang='grc' dir='ltr'><strong>(ξ</strong></span> <span class='ocrx_word' id='word_1_49' title='bbox 906 1077 967 1155; x_wconf 81' lang='grc'><strong>3)</strong></span> <span class='ocrx_word' id='word_1_50' title='bbox 1010 1074 1305 1158; x_wconf 85' lang='lat' dir='ltr'><strong>exposui)</strong></span> <span class='ocrx_word' id='word_1_51' title='bbox 1352 1072 1457 1136; x_wconf 87' lang='lat' dir='ltr'><strong>hic</strong></span> <span class='ocrx_word' id='word_1_52' title='bbox 1499 1074 1698 1147; x_wconf 82' lang='lat' dir='ltr'><strong>locuS,</strong></span> <span class='ocrx_word' id='word_1_53' title='bbox 1749 1077 1803 1137; x_wconf 91' lang='lat' dir='ltr'><strong>si</strong></span> <span class='ocrx_word' id='word_1_54' title='bbox 1852 1076 2120 1137; x_wconf 90' lang='lat' dir='ltr'><strong>omnino</strong></span> <span class='ocrx_word' id='word_1_55' title='bbox 2169 1074 2300 1137; x_wconf 87' lang='lat' dir='ltr'><strong>ullo</strong></span> <span class='ocrx_word' id='word_1_56' title='bbox 2345 1075 2482 1137; x_wconf 87' lang='lat' dir='ltr'><strong>iure</strong></span> <span class='ocrx_word' id='word_1_57' title='bbox 2529 1075 2590 1136; x_wconf 88' lang='lat' dir='ltr'><strong>in</strong></span> <span class='ocrx_word' id='word_1_58' title='bbox 2640 1074 3151 1155; x_wconf 88' lang='lat' dir='ltr'><strong>disputationem</strong></span> 
     </span>
     <span class='ocr_line' id='line_1_8' title="bbox 552 1182 3159 1266; baseline 0 -21"><span class='ocrx_word' id='word_1_59' title='bbox 552 1183 719 1246; x_wconf 87' lang='lat' dir='ltr'><strong>trahi</strong></span> <span class='ocrx_word' id='word_1_60' title='bbox 766 1192 1005 1265; x_wconf 89' lang='lat' dir='ltr'><strong>potest,</strong></span> <span class='ocrx_word' id='word_1_61' title='bbox 1052 1185 1271 1265; x_wconf 87' lang='lat' dir='ltr'><strong>potius</strong></span> <span class='ocrx_word' id='word_1_62' title='bbox 1319 1183 1511 1263; x_wconf 91' lang='lat' dir='ltr'><strong>plane</strong></span> <span class='ocrx_word' id='word_1_63' title='bbox 1566 1187 1958 1247; x_wconf 90' lang='lat' dir='ltr'><strong>contrarium</strong></span> <span class='ocrx_word' id='word_1_64' title='bbox 2007 1185 2310 1247; x_wconf 84' lang='lat' dir='ltr'><strong>ostendit.</strong></span> <span class='ocrx_word' id='word_1_65' title='bbox 2409 1183 2476 1246; x_wconf 85' lang='lat' dir='ltr'><strong>Si</strong></span> <span class='ocrx_word' id='word_1_66' title='bbox 2524 1182 2665 1266; x_wconf 73' lang='lat' dir='ltr'><strong>pax=</strong></span> <span class='ocrx_word' id='word_1_67' title='bbox 2716 1193 2781 1245; x_wconf 89' lang='lat' dir='ltr'><strong>et</strong></span> <span class='ocrx_word' id='word_1_68' title='bbox 2843 1184 3159 1245; x_wconf 81' lang='lat' dir='ltr'><strong>amnestia</strong></span> 
     </span>
     <span class='ocr_line' id='line_1_9' title="bbox 549 1276 3155 1379; baseline -0 -23"><span class='ocrx_word' id='word_1_69' title='bbox 549 1293 723 1356; x_wconf 91' lang='lat' dir='ltr'><strong>idem</strong></span> <span class='ocrx_word' id='word_1_70' title='bbox 768 1313 909 1357; x_wconf 88' lang='lat' dir='ltr'><strong>esse</strong></span> <span class='ocrx_word' id='word_1_71' title='bbox 940 1276 1236 1356; x_wconf 89' lang='lat' dir='ltr'><strong>Diodoro</strong></span> <span class='ocrx_word' id='word_1_72' title='bbox 1269 1294 1659 1369; x_wconf 90' lang='lat' dir='ltr'><strong>viderentur,</strong></span> <span class='ocrx_word' id='word_1_73' title='bbox 1694 1297 1778 1357; x_wconf 89' lang='lat' dir='ltr'><strong>ad</strong></span> <span class='ocrx_word' id='word_1_74' title='bbox 1832 1294 2342 1379; x_wconf 76' lang='grc' dir='ltr'><em>»ὁιηλλάγησανι</em></span> <span class='ocrx_word' id='word_1_75' title='bbox 2397 1314 2528 1355; x_wconf 91' lang='lat' dir='ltr'><strong>non</strong></span> <span class='ocrx_word' id='word_1_76' title='bbox 2562 1294 2954 1358; x_wconf 85' lang='lat' dir='ltr'><strong>addidisset:</strong></span> <span class='ocrx_word' id='word_1_77' title='bbox 3013 1294 3155 1356; x_wconf 75' lang='grc' dir='ltr'><em>»καὶ</em></span> 
     </span>
     <span class='ocr_line' id='line_1_10' title="bbox 550 1392 3156 1491; baseline -0.001 -24"><span class='ocrx_word' id='word_1_78' title='bbox 550 1406 942 1489; x_wconf 85' lang='grc' dir='ltr'><em>παραχρῆμα</em></span> <span class='ocrx_word' id='word_1_79' title='bbox 987 1398 1568 1487; x_wconf 84' lang='grc' dir='ltr'><em>ὁρκωμοτήσαντες</em></span> <span class='ocrx_word' id='word_1_80' title='bbox 1609 1405 1696 1489; x_wconf 80' lang='grc' dir='ltr'><strong>μὴ</strong></span> <span class='ocrx_word' id='word_1_81' title='bbox 1724 1405 2293 1491; x_wconf 69' lang='grc' dir='ltr'><em>μνησικακήσεινι,</em></span> <span class='ocrx_word' id='word_1_82' title='bbox 2341 1405 2458 1467; x_wconf 91' lang='lat' dir='ltr'><strong>sed</strong></span> <span class='ocrx_word' id='word_1_83' title='bbox 2489 1425 2632 1466; x_wconf 89' lang='lat' dir='ltr'><strong>eam</strong></span> <span class='ocrx_word' id='word_1_84' title='bbox 2679 1404 2765 1466; x_wconf 93' lang='lat' dir='ltr'><strong>ob</strong></span> <span class='ocrx_word' id='word_1_85' title='bbox 2801 1423 2957 1476; x_wconf 88' lang='lat' dir='ltr'><strong>rem,</strong></span> <span class='ocrx_word' id='word_1_86' title='bbox 3005 1392 3156 1485; x_wconf 82' lang='lat' dir='ltr'><strong>quia</strong></span> 
     </span>
     <span class='ocr_line' id='line_1_11' title="bbox 551 1514 2885 1600; baseline 0.001 -24"><span class='ocrx_word' id='word_1_87' title='bbox 551 1515 725 1576; x_wconf 88' lang='lat' dir='ltr'><strong>idem</strong></span> <span class='ocrx_word' id='word_1_88' title='bbox 771 1515 827 1576; x_wconf 89' lang='lat' dir='ltr'><strong>ei</strong></span> <span class='ocrx_word' id='word_1_89' title='bbox 878 1533 1008 1577; x_wconf 89' lang='lat' dir='ltr'><strong>non</strong></span> <span class='ocrx_word' id='word_1_90' title='bbox 1053 1523 1255 1587; x_wconf 90' lang='lat' dir='ltr'><strong>erant,</strong></span> <span class='ocrx_word' id='word_1_91' title='bbox 1307 1515 1556 1578; x_wconf 84' lang='lat' dir='ltr'><strong>addidit</strong></span> <span class='ocrx_word' id='word_1_92' title='bbox 1606 1525 1670 1577; x_wconf 89' lang='lat' dir='ltr'><strong>et</strong></span> <span class='ocrx_word' id='word_1_93' title='bbox 1719 1515 2022 1578; x_wconf 89' lang='lat' dir='ltr'><strong>consulto</strong></span> <span class='ocrx_word' id='word_1_94' title='bbox 2078 1517 2546 1600; x_wconf 66' lang='grc' dir='ltr'><em>»παραχρῆμαε</em></span> <span class='ocrx_word' id='word_1_95' title='bbox 2604 1514 2885 1578; x_wconf 89' lang='lat' dir='ltr'><strong>inseruit.</strong></span> 
     </span>
    </p>

    <p class='ocr_par' dir='ltr' id='par_1_3' title="bbox 543 1623 3158 4568">
     <span class='ocr_line' id='line_1_12' title="bbox 765 1623 3157 1705; baseline -0.002 -18"><span class='ocrx_word' id='word_1_96' title='bbox 765 1626 806 1704; x_wconf 68' lang='grc' dir='ltr'>ἓ</span> <span class='ocrx_word' id='word_1_97' title='bbox 853 1639 956 1703; x_wconf 86' lang='lat'><strong>23.</strong></span> <span class='ocrx_word' id='word_1_98' title='bbox 1052 1623 1201 1685; x_wconf 89' lang='lat' dir='ltr'><strong>Hoc</strong></span> <span class='ocrx_word' id='word_1_99' title='bbox 1261 1624 1755 1688; x_wconf 88' lang='lat' dir='ltr'><strong>celeberrimum</strong></span> <span class='ocrx_word' id='word_1_100' title='bbox 1822 1627 2178 1689; x_wconf 88' lang='lat' dir='ltr'><strong>amnestiae</strong></span> <span class='ocrx_word' id='word_1_101' title='bbox 2224 1624 2722 1688; x_wconf 86' lang='lat' dir='ltr'><strong>Atheniensium</strong></span> <span class='ocrx_word' id='word_1_102' title='bbox 2784 1624 3157 1705; x_wconf 86' lang='lat' dir='ltr'><strong>exemplum</strong></span> 
     </span>
     <span class='ocr_line' id='line_1_13' title="bbox 551 1732 3156 1816; baseline -0 -22"><span class='ocrx_word' id='word_1_103' title='bbox 551 1733 944 1813; x_wconf 85' lang='lat' dir='ltr'><strong>posteriores</strong></span> <span class='ocrx_word' id='word_1_104' title='bbox 992 1754 1121 1795; x_wconf 87' lang='lat' dir='ltr'><strong>non</strong></span> <span class='ocrx_word' id='word_1_105' title='bbox 1168 1734 1381 1796; x_wconf 88' lang='lat' dir='ltr'><strong>solum</strong></span> <span class='ocrx_word' id='word_1_106' title='bbox 1414 1737 1684 1797; x_wconf 90' lang='lat' dir='ltr'><strong>summis</strong></span> <span class='ocrx_word' id='word_1_107' title='bbox 1732 1735 2030 1798; x_wconf 87' lang='lat' dir='ltr'><strong>laudibus</strong></span> <span class='ocrx_word' id='word_1_108' title='bbox 2065 1735 2448 1807; x_wconf 87' lang='lat' dir='ltr'><strong>extulerunt,</strong></span> <span class='ocrx_word' id='word_1_109' title='bbox 2500 1736 2617 1798; x_wconf 87' lang='lat' dir='ltr'><strong>sed</strong></span> <span class='ocrx_word' id='word_1_110' title='bbox 2650 1735 2848 1797; x_wconf 90' lang='lat' dir='ltr'><strong>etiam</strong></span> <span class='ocrx_word' id='word_1_111' title='bbox 2897 1732 3156 1816; x_wconf 82' lang='lat' dir='ltr'><strong>saepius</strong></span> 
     </span>
     <span class='ocr_line' id='line_1_14' title="bbox 553 1843 3155 1926; baseline 0 -22"><span class='ocrx_word' id='word_1_112' title='bbox 553 1843 781 1905; x_wconf 88' lang='lat' dir='ltr'><strong>imitati</strong></span> <span class='ocrx_word' id='word_1_113' title='bbox 808 1853 977 1916; x_wconf 91' lang='lat' dir='ltr'><strong>sunt,</strong></span> <span class='ocrx_word' id='word_1_114' title='bbox 1012 1863 1289 1926; x_wconf 87' lang='lat' dir='ltr'><strong>quarum</strong></span> <span class='ocrx_word' id='word_1_115' title='bbox 1321 1844 1756 1907; x_wconf 86' lang='lat' dir='ltr'><strong>imitationum</strong></span> <span class='ocrx_word' id='word_1_116' title='bbox 1773 1847 2065 1908; x_wconf 90' lang='lat' dir='ltr'><strong>omnium</strong></span> <span class='ocrx_word' id='word_1_117' title='bbox 2085 1845 2498 1907; x_wconf 82' lang='lat' dir='ltr'><strong>celeberrima</strong></span> <span class='ocrx_word' id='word_1_118' title='bbox 2516 1844 2682 1907; x_wconf 84' lang='lat' dir='ltr'><strong>facta</strong></span> <span class='ocrx_word' id='word_1_119' title='bbox 2713 1854 2811 1907; x_wconf 90' lang='lat' dir='ltr'><strong>est</strong></span> <span class='ocrx_word' id='word_1_120' title='bbox 2841 1864 2918 1908; x_wconf 88' lang='lat' dir='ltr'><strong>ea</strong></span> <span class='ocrx_word' id='word_1_121' title='bbox 2942 1862 3155 1905; x_wconf 87' lang='lat' dir='ltr'><strong>amne-</strong></span> 
     </span>
     <span class='ocr_line' id='line_1_15' title="bbox 550 1953 3157 2037; baseline -0 -23"><span class='ocrx_word' id='word_1_122' title='bbox 550 1954 692 2026; x_wconf 86' lang='lat' dir='ltr'><strong>stia,</strong></span> <span class='ocrx_word' id='word_1_123' title='bbox 720 1973 890 2035; x_wconf 88' lang='lat' dir='ltr'><strong>quae</strong></span> <span class='ocrx_word' id='word_1_124' title='bbox 916 1953 1171 2016; x_wconf 90' lang='lat' dir='ltr'><strong>duobus</strong></span> <span class='ocrx_word' id='word_1_125' title='bbox 1199 1954 1429 2016; x_wconf 90' lang='lat' dir='ltr'><strong>diebus</strong></span> <span class='ocrx_word' id='word_1_126' title='bbox 1453 1964 1606 2037; x_wconf 87' lang='lat' dir='ltr'><strong>post</strong></span> <span class='ocrx_word' id='word_1_127' title='bbox 1639 1954 1931 2018; x_wconf 87' lang='lat' dir='ltr'><strong>Caesaris</strong></span> <span class='ocrx_word' id='word_1_128' title='bbox 1964 1965 2242 2018; x_wconf 90' lang='lat' dir='ltr'><strong>mortem</strong></span> <span class='ocrx_word' id='word_1_129' title='bbox 2269 1955 2582 2018; x_wconf 87' lang='lat' dir='ltr'><strong>Cicerone</strong></span> <span class='ocrx_word' id='word_1_130' title='bbox 2614 1964 2880 2017; x_wconf 89' lang='lat' dir='ltr'><strong>auctore</strong></span> <span class='ocrx_word' id='word_1_131' title='bbox 2904 1954 3157 2015; x_wconf 89' lang='lat' dir='ltr'><strong>Romae</strong></span> 
     </span>
     <span class='ocr_line' id='line_1_16' title="bbox 553 2062 3158 2149; baseline -0 -26"><span class='ocrx_word' id='word_1_132' title='bbox 553 2062 816 2125; x_wconf 90' lang='lat' dir='ltr'><strong>decreta</strong></span> <span class='ocrx_word' id='word_1_133' title='bbox 861 2072 978 2137; x_wconf 90' lang='lat' dir='ltr'><strong>est,</strong></span> <span class='ocrx_word' id='word_1_134' title='bbox 1029 2082 1228 2143; x_wconf 88' lang='lat' dir='ltr'><strong>quam</strong></span> <span class='ocrx_word' id='word_1_135' title='bbox 1276 2064 1642 2149; x_wconf 79' lang='lat' dir='ltr'><strong>complures</strong></span> <span class='ocrx_word' id='word_1_136' title='bbox 1690 2065 2040 2146; x_wconf 87' lang='lat' dir='ltr'><strong>scriptores</strong></span> <span class='ocrx_word' id='word_1_137' title='bbox 2087 2066 2365 2140; x_wconf 89' lang='lat' dir='ltr'><strong>tradunt,</strong></span> <span class='ocrx_word' id='word_1_138' title='bbox 2432 2085 2713 2149; x_wconf 88' lang='lat' dir='ltr'><strong>quorum</strong></span> <span class='ocrx_word' id='word_1_139' title='bbox 2778 2065 2910 2126; x_wconf 88' lang='lat' dir='ltr'><strong>duo</strong></span> <span class='ocrx_word' id='word_1_140' title='bbox 2972 2063 3158 2123; x_wconf 92' lang='lat' dir='ltr'><strong>nobis</strong></span> 
     </span>
     <span class='ocr_line' id='line_1_17' title="bbox 551 2154 3153 2257; baseline 0 -24"><span class='ocrx_word' id='word_1_141' title='bbox 551 2154 716 2234; x_wconf 85' lang='lat' dir='ltr'><strong>sunt</strong></span> <span class='ocrx_word' id='word_1_142' title='bbox 746 2172 1148 2254; x_wconf 88' lang='lat' dir='ltr'><strong>respiciendi,</strong></span> <span class='ocrx_word' id='word_1_143' title='bbox 1184 2174 1339 2256; x_wconf 88' lang='lat' dir='ltr'><strong>quia</strong></span> <span class='ocrx_word' id='word_1_144' title='bbox 1366 2184 1707 2255; x_wconf 86' lang='lat' dir='ltr'><strong>exponunt</strong></span> <span class='ocrx_word' id='word_1_145' title='bbox 1732 2174 2234 2238; x_wconf 83' lang='lat' dir='ltr'><strong>Atheniensium</strong></span> <span class='ocrx_word' id='word_1_146' title='bbox 2282 2176 2674 2257; x_wconf 86' lang='lat' dir='ltr'><strong>exemplum,</strong></span> <span class='ocrx_word' id='word_1_147' title='bbox 2712 2175 2888 2256; x_wconf 88' lang='lat' dir='ltr'><strong>quod</strong></span> <span class='ocrx_word' id='word_1_148' title='bbox 2925 2173 3153 2236; x_wconf 88' lang='lat' dir='ltr'><strong>Cicero</strong></span> 
     </span>
     <span class='ocr_line' id='line_1_18' title="bbox 554 2282 3154 2367; baseline 0.002 -24"><span class='ocrx_word' id='word_1_149' title='bbox 554 2282 842 2345; x_wconf 89' lang='lat' dir='ltr'><strong>imitatus</strong></span> <span class='ocrx_word' id='word_1_150' title='bbox 874 2290 989 2344; x_wconf 91' lang='lat' dir='ltr'><strong>est.</strong></span> <span class='ocrx_word' id='word_1_151' title='bbox 1040 2282 1216 2344; x_wconf 88' lang='lat' dir='ltr'><strong>Dicit</strong></span> <span class='ocrx_word' id='word_1_152' title='bbox 1261 2292 1480 2346; x_wconf 90' lang='lat' dir='ltr'><strong>autem</strong></span> <span class='ocrx_word' id='word_1_153' title='bbox 1513 2283 1741 2347; x_wconf 89' lang='lat' dir='ltr'><strong>Cicero</strong></span> <span class='ocrx_word' id='word_1_154' title='bbox 1776 2287 1914 2367; x_wconf 90' lang='lat' dir='ltr'><strong>ipse</strong></span> <span class='ocrx_word' id='word_1_155' title='bbox 1937 2285 2091 2349; x_wconf 89' lang='lat' dir='ltr'><strong>Phil.</strong></span> <span class='ocrx_word' id='word_1_156' title='bbox 2124 2287 2169 2351; x_wconf 92' lang='lat' dir='ltr'><strong>I.</strong></span> <span class='ocrx_word' id='word_1_157' title='bbox 2208 2301 2297 2359; x_wconf 92' lang='lat'><strong>1‚1</strong></span> <span class='ocrx_word' id='word_1_158' title='bbox 2339 2287 2422 2348; x_wconf 92' lang='lat' dir='ltr'><strong>de</strong></span> <span class='ocrx_word' id='word_1_159' title='bbox 2447 2287 2569 2348; x_wconf 86' lang='lat' dir='ltr'><strong>hac</strong></span> <span class='ocrx_word' id='word_1_160' title='bbox 2617 2286 2933 2349; x_wconf 86' lang='lat' dir='ltr'><strong>amnestia</strong></span> <span class='ocrx_word' id='word_1_161' title='bbox 2958 2284 3154 2348; x_wconf 85' lang='lat' dir='ltr'><strong>haec:</strong></span> 
     </span>
     <span class='ocr_line' id='line_1_19' title="bbox 557 2390 3152 2479; baseline 0.001 -28"><span class='ocrx_word' id='word_1_162' title='bbox 557 2400 915 2474; x_wconf 79' lang='lat' dir='ltr'><strong>»quantum</strong></span> <span class='ocrx_word' id='word_1_163' title='bbox 948 2393 1009 2452; x_wconf 88' lang='lat' dir='ltr'><strong>in</strong></span> <span class='ocrx_word' id='word_1_164' title='bbox 1045 2411 1152 2453; x_wconf 88' lang='lat' dir='ltr'><strong>me</strong></span> <span class='ocrx_word' id='word_1_165' title='bbox 1181 2390 1330 2466; x_wconf 86' lang='lat' dir='ltr'><strong>fuit,</strong></span> <span class='ocrx_word' id='word_1_166' title='bbox 1366 2394 1481 2455; x_wconf 89' lang='lat' dir='ltr'><strong>ieci</strong></span> <span class='ocrx_word' id='word_1_167' title='bbox 1518 2392 1941 2456; x_wconf 86' lang='lat' dir='ltr'><strong>fundamenta</strong></span> <span class='ocrx_word' id='word_1_168' title='bbox 1972 2397 2150 2477; x_wconf 87' lang='lat' dir='ltr'><strong>pacis</strong></span> <span class='ocrx_word' id='word_1_169' title='bbox 2182 2396 2816 2479; x_wconf 86' lang='lat' dir='ltr'><strong>Atheniensiumque</strong></span> <span class='ocrx_word' id='word_1_170' title='bbox 2849 2394 3152 2456; x_wconf 88' lang='lat' dir='ltr'><strong>renovavi</strong></span> 
     </span>
     <span class='ocr_line' id='line_1_20' title="bbox 549 2499 3154 2588; baseline 0.001 -27"><span class='ocrx_word' id='word_1_171' title='bbox 549 2509 736 2564; x_wconf 83' lang='lat' dir='ltr'><strong>vetus</strong></span> <span class='ocrx_word' id='word_1_172' title='bbox 762 2500 1167 2584; x_wconf 79' lang='lat' dir='ltr'><strong>exemplum3</strong></span> <span class='ocrx_word' id='word_1_173' title='bbox 1199 2499 1520 2566; x_wconf 90' lang='lat' dir='ltr'><strong>Graecum</strong></span> <span class='ocrx_word' id='word_1_174' title='bbox 1548 2505 1748 2566; x_wconf 90' lang='lat' dir='ltr'><strong>etiam</strong></span> <span class='ocrx_word' id='word_1_175' title='bbox 1783 2503 2056 2567; x_wconf 87' lang='lat' dir='ltr'><strong>verbum</strong></span> <span class='ocrx_word' id='word_1_176' title='bbox 2087 2506 2409 2588; x_wconf 86' lang='lat' dir='ltr'><strong>usurpavi,</strong></span> <span class='ocrx_word' id='word_1_177' title='bbox 2439 2527 2571 2587; x_wconf 88' lang='lat' dir='ltr'><strong>quo</strong></span> <span class='ocrx_word' id='word_1_178' title='bbox 2600 2515 2741 2568; x_wconf 89' lang='lat' dir='ltr'><strong>tum</strong></span> <span class='ocrx_word' id='word_1_179' title='bbox 2771 2506 2832 2567; x_wconf 91' lang='lat' dir='ltr'><strong>in</strong></span> <span class='ocrx_word' id='word_1_180' title='bbox 2854 2503 3154 2567; x_wconf 88' lang='lat' dir='ltr'><strong>sedandis</strong></span> 
     </span>
     <span class='ocr_line' id='line_1_21' title="bbox 551 2612 3149 2695; baseline 0.001 -23"><span class='ocrx_word' id='word_1_181' title='bbox 551 2612 887 2673; x_wconf 87' lang='lat' dir='ltr'><strong>discordiis</strong></span> <span class='ocrx_word' id='word_1_182' title='bbox 935 2632 1049 2674; x_wconf 90' lang='lat' dir='ltr'><strong>usa</strong></span> <span class='ocrx_word' id='word_1_183' title='bbox 1096 2622 1235 2675; x_wconf 87' lang='lat' dir='ltr'><strong>erat</strong></span> <span class='ocrx_word' id='word_1_184' title='bbox 1280 2613 1508 2676; x_wconf 90' lang='lat' dir='ltr'><strong>civitas</strong></span> <span class='ocrx_word' id='word_1_185' title='bbox 1555 2614 1675 2687; x_wconf 91' lang='lat' dir='ltr'><strong>illa,</strong></span> <span class='ocrx_word' id='word_1_186' title='bbox 1724 2623 1924 2695; x_wconf 86' lang='lat' dir='ltr'><strong>atque</strong></span> <span class='ocrx_word' id='word_1_187' title='bbox 1972 2635 2234 2677; x_wconf 89' lang='lat' dir='ltr'><strong>omnem</strong></span> <span class='ocrx_word' id='word_1_188' title='bbox 2268 2618 2648 2678; x_wconf 89' lang='lat' dir='ltr'><strong>memoriam</strong></span> <span class='ocrx_word' id='word_1_189' title='bbox 2683 2616 3149 2678; x_wconf 84' lang='lat' dir='ltr'><strong>discordiarum</strong></span> 
     </span>
     <span class='ocr_line' id='line_1_22' title="bbox 552 2720 3153 2809; baseline 0.001 -26"><span class='ocrx_word' id='word_1_190' title='bbox 552 2720 879 2783; x_wconf 89' lang='lat' dir='ltr'><strong>oblivione</strong></span> <span class='ocrx_word' id='word_1_191' title='bbox 908 2722 1299 2806; x_wconf 89' lang='lat' dir='ltr'><strong>sempiterna</strong></span> <span class='ocrx_word' id='word_1_192' title='bbox 1331 2724 1675 2787; x_wconf 87' lang='lat' dir='ltr'><strong>delendam</strong></span> <span class='ocrx_word' id='word_1_193' title='bbox 1701 2726 1984 2789; x_wconf 78' lang='lat' dir='ltr'><strong>censui«.</strong></span> <span class='ocrx_word' id='word_1_194' title='bbox 2030 2727 2088 2788; x_wconf 93' lang='lat' dir='ltr'>E</span> <span class='ocrx_word' id='word_1_195' title='bbox 2114 2747 2246 2809; x_wconf 88' lang='lat' dir='ltr'><strong>quo</strong></span> <span class='ocrx_word' id='word_1_196' title='bbox 2277 2725 2425 2787; x_wconf 88' lang='lat' dir='ltr'><strong>loco</strong></span> <span class='ocrx_word' id='word_1_197' title='bbox 2451 2736 2673 2788; x_wconf 88' lang='lat' dir='ltr'><strong>nostra</strong></span> <span class='ocrx_word' id='word_1_198' title='bbox 2699 2727 2760 2787; x_wconf 92' lang='lat' dir='ltr'><strong>in</strong></span> <span class='ocrx_word' id='word_1_199' title='bbox 2778 2726 3153 2805; x_wconf 89' lang='lat' dir='ltr'><strong>quaestione</strong></span> 
     </span>
     <span class='ocr_line' id='line_1_23' title="bbox 553 2830 3149 2916; baseline 0.002 -26"><span class='ocrx_word' id='word_1_200' title='bbox 553 2830 707 2891; x_wconf 87' lang='lat' dir='ltr'><strong>nihil</strong></span> <span class='ocrx_word' id='word_1_201' title='bbox 746 2831 903 2892; x_wconf 88' lang='lat' dir='ltr'><strong>certi</strong></span> <span class='ocrx_word' id='word_1_202' title='bbox 929 2832 1060 2893; x_wconf 85' lang='lat' dir='ltr'><strong>erui</strong></span> <span class='ocrx_word' id='word_1_203' title='bbox 1102 2840 1339 2916; x_wconf 85' lang='lat' dir='ltr'><strong>potest.</strong></span> <span class='ocrx_word' id='word_1_204' title='bbox 1389 2833 1685 2897; x_wconf 84' lang='lat' dir='ltr'><strong>Profecto</strong></span> <span class='ocrx_word' id='word_1_205' title='bbox 1723 2834 1950 2898; x_wconf 90' lang='lat' dir='ltr'><strong>Cicero</strong></span> <span class='ocrx_word' id='word_1_206' title='bbox 1990 2855 2224 2915; x_wconf 88' lang='lat' dir='ltr'><strong>pacem</strong></span> <span class='ocrx_word' id='word_1_207' title='bbox 2258 2843 2323 2897; x_wconf 89' lang='lat' dir='ltr'><strong>et</strong></span> <span class='ocrx_word' id='word_1_208' title='bbox 2353 2835 2740 2897; x_wconf 88' lang='lat' dir='ltr'><strong>amnestiam</strong></span> <span class='ocrx_word' id='word_1_209' title='bbox 2788 2844 2962 2896; x_wconf 90' lang='lat' dir='ltr'><strong>arcte</strong></span> <span class='ocrx_word' id='word_1_210' title='bbox 3005 2853 3149 2896; x_wconf 91' lang='lat' dir='ltr'><strong>con-</strong></span> 
     </span>
     <span class='ocr_line' id='line_1_24' title="bbox 551 2939 3153 3029; baseline 0.002 -29"><span class='ocrx_word' id='word_1_211' title='bbox 551 2939 757 3020; x_wconf 88' lang='lat' dir='ltr'><strong>iungit</strong></span> <span class='ocrx_word' id='word_1_212' title='bbox 779 2940 881 3002; x_wconf 93' lang='lat' dir='ltr'><strong>vel</strong></span> <span class='ocrx_word' id='word_1_213' title='bbox 901 2942 1121 3024; x_wconf 87' lang='lat' dir='ltr'><strong>potius</strong></span> <span class='ocrx_word' id='word_1_214' title='bbox 1141 2944 1524 3006; x_wconf 86' lang='lat' dir='ltr'><strong>amnestiam</strong></span> <span class='ocrx_word' id='word_1_215' title='bbox 1550 2954 1746 3007; x_wconf 89' lang='lat' dir='ltr'><strong>vocat</strong></span> <span class='ocrx_word' id='word_1_216' title='bbox 1766 2966 2014 3029; x_wconf 89' lang='lat' dir='ltr'><strong>pacem,</strong></span> <span class='ocrx_word' id='word_1_217' title='bbox 2043 2946 2157 3008; x_wconf 90' lang='lat' dir='ltr'><strong>sed</strong></span> <span class='ocrx_word' id='word_1_218' title='bbox 2176 2946 2476 3027; x_wconf 89' lang='lat' dir='ltr'><strong>quisnam</strong></span> <span class='ocrx_word' id='word_1_219' title='bbox 2504 2966 2586 3007; x_wconf 87' lang='lat' dir='ltr'><strong>ex</strong></span> <span class='ocrx_word' id='word_1_220' title='bbox 2612 2945 2734 3007; x_wconf 91' lang='lat' dir='ltr'><strong>hac</strong></span> <span class='ocrx_word' id='word_1_221' title='bbox 2762 2965 2828 3006; x_wconf 91' lang='lat' dir='ltr'><strong>re</strong></span> <span class='ocrx_word' id='word_1_222' title='bbox 2853 2943 3153 3024; x_wconf 87' lang='lat' dir='ltr'><strong>colligere</strong></span> 
     </span>
     <span class='ocr_line' id='line_1_25' title="bbox 552 3048 3151 3138; baseline 0.001 -28"><span class='ocrx_word' id='word_1_223' title='bbox 552 3048 729 3111; x_wconf 91' lang='lat' dir='ltr'><strong>volet</strong></span> <span class='ocrx_word' id='word_1_224' title='bbox 789 3051 967 3131; x_wconf 89' lang='lat' dir='ltr'><strong>apud</strong></span> <span class='ocrx_word' id='word_1_225' title='bbox 1029 3050 1465 3114; x_wconf 87' lang='lat' dir='ltr'><strong>Athenienses</strong></span> <span class='ocrx_word' id='word_1_226' title='bbox 1538 3075 1768 3138; x_wconf 89' lang='lat' dir='ltr'><strong>pacem</strong></span> <span class='ocrx_word' id='word_1_227' title='bbox 1834 3076 1872 3117; x_wconf 90' lang='lat' dir='ltr'><strong>a</strong></span> <span class='ocrx_word' id='word_1_228' title='bbox 1932 3054 2342 3135; x_wconf 83' lang='lat' dir='ltr'><strong>Thrasybulo</strong></span> <span class='ocrx_word' id='word_1_229' title='bbox 2420 3055 2897 3117; x_wconf 88' lang='lat' dir='ltr'><strong>reconciliatam</strong></span> <span class='ocrx_word' id='word_1_230' title='bbox 2967 3062 3032 3114; x_wconf 91' lang='lat' dir='ltr'><strong>et</strong></span> <span class='ocrx_word' id='word_1_231' title='bbox 3092 3073 3151 3113; x_wconf 88' lang='lat' dir='ltr'><strong>a·</strong></span> 
     </span>
     <span class='ocr_line' id='line_1_26' title="bbox 551 3158 3147 3242; baseline 0.002 -23"><span class='ocrx_word' id='word_1_232' title='bbox 551 3158 894 3220; x_wconf 90' lang='lat' dir='ltr'><strong>mnestiam</strong></span> <span class='ocrx_word' id='word_1_233' title='bbox 919 3179 1130 3242; x_wconf 90' lang='lat' dir='ltr'><strong>aeque</strong></span> <span class='ocrx_word' id='word_1_234' title='bbox 1156 3170 1336 3223; x_wconf 90' lang='lat' dir='ltr'><strong>arcte</strong></span> <span class='ocrx_word' id='word_1_235' title='bbox 1366 3163 1748 3226; x_wconf 90' lang='lat' dir='ltr'><strong>coniunctas</strong></span> <span class='ocrx_word' id='word_1_236' title='bbox 1779 3163 2009 3226; x_wconf 83' lang='lat' dir='ltr'><strong>fuisse?</strong></span> <span class='ocrx_word' id='word_1_237' title='bbox 2035 3164 2314 3226; x_wconf 88' lang='lat' dir='ltr'><strong>Duobus</strong></span> <span class='ocrx_word' id='word_1_238' title='bbox 2341 3163 2476 3225; x_wconf 91' lang='lat' dir='ltr'><strong>aliis</strong></span> <span class='ocrx_word' id='word_1_239' title='bbox 2502 3165 2677 3237; x_wconf 90' lang='lat' dir='ltr'><strong>locis,</strong></span> <span class='ocrx_word' id='word_1_240' title='bbox 2714 3163 2874 3226; x_wconf 91' lang='lat' dir='ltr'><strong>Vell.</strong></span> <span class='ocrx_word' id='word_1_241' title='bbox 2906 3164 3147 3224; x_wconf 85' lang='lat' dir='ltr'><strong>Patere.</strong></span> 
     </span>
     <span class='ocr_line' id='line_1_27' title="bbox 549 3253 3150 3355; baseline 0.002 -27"><span class='ocrx_word' id='word_1_242' title='bbox 549 3268 606 3329; x_wconf 92' lang='lat'><strong>11</strong></span> <span class='ocrx_word' id='word_1_243' title='bbox 657 3270 806 3346; x_wconf 81' lang='lat'>58‚4</span> <span class='ocrx_word' id='word_1_244' title='bbox 852 3277 922 3353; x_wconf 85' lang='lat' dir='ltr'><strong>et</strong></span> <span class='ocrx_word' id='word_1_245' title='bbox 966 3267 1138 3342; x_wconf 62' lang='lat' dir='ltr'><strong>Plut.</strong></span> <span class='ocrx_word' id='word_1_246' title='bbox 1196 3268 1324 3333; x_wconf 90' lang='lat' dir='ltr'><strong>Cic.</strong></span> <span class='ocrx_word' id='word_1_247' title='bbox 1370 3288 1476 3349; x_wconf 90' lang='lat'><strong>42,</strong></span> <span class='ocrx_word' id='word_1_248' title='bbox 1531 3284 1788 3355; x_wconf 88' lang='lat' dir='ltr'><strong>praeter</strong></span> <span class='ocrx_word' id='word_1_249' title='bbox 1847 3294 2086 3335; x_wconf 91' lang='lat' dir='ltr'><strong>nomen</strong></span> <span class='ocrx_word' id='word_1_250' title='bbox 2149 3253 2781 3336; x_wconf 28' lang='lat' dir='ltr'><strong>de‘Atheniensium</strong></span> <span class='ocrx_word' id='word_1_251' title='bbox 2838 3274 3150 3334; x_wconf 87' lang='lat' dir='ltr'><strong>amnestia</strong></span> 
     </span>
     <span class='ocr_line' id='line_1_28' title="bbox 552 3376 3140 3464; baseline 0.002 -27"><span class='ocrx_word' id='word_1_252' title='bbox 552 3376 705 3438; x_wconf 88' lang='lat' dir='ltr'><strong>nihil</strong></span> <span class='ocrx_word' id='word_1_253' title='bbox 772 3378 1131 3461; x_wconf 85' lang='lat' dir='ltr'><strong>exhibetur.</strong></span> <span class='ocrx_word' id='word_1_254' title='bbox 1227 3379 1327 3441; x_wconf 89' lang='lat' dir='ltr'><strong>Eo</strong></span> <span class='ocrx_word' id='word_1_255' title='bbox 1398 3381 1580 3464; x_wconf 87' lang='lat' dir='ltr'><strong>plura</strong></span> <span class='ocrx_word' id='word_1_256' title='bbox 1649 3392 1872 3444; x_wconf 90' lang='lat' dir='ltr'><strong>autem</strong></span> <span class='ocrx_word' id='word_1_257' title='bbox 1939 3381 2205 3444; x_wconf 82' lang='lat' dir='ltr'><strong>exhibet</strong></span> <span class='ocrx_word' id='word_1_258' title='bbox 2269 3382 2526 3445; x_wconf 88' lang='lat' dir='ltr'><strong>Cassius</strong></span> <span class='ocrx_word' id='word_1_259' title='bbox 2590 3384 2719 3444; x_wconf 88' lang='lat' dir='ltr'><strong>Dio</strong></span> <span class='ocrx_word' id='word_1_260' title='bbox 2766 3382 2980 3445; x_wconf 87' lang='lat' dir='ltr'>XLIV</span> <span class='ocrx_word' id='word_1_261' title='bbox 3030 3382 3140 3442; x_wconf 89' lang='lat'><strong>26:</strong></span> 
     </span>
     <span class='ocr_line' id='line_1_29' title="bbox 556 3482 3146 3574; baseline 0.005 -29"><span class='ocrx_word' id='word_1_262' title='bbox 556 3482 824 3549; x_wconf 72' lang='grc' dir='ltr'><em>»ἐκεῖνοι</em></span> <span class='ocrx_word' id='word_1_263' title='bbox 867 3486 1392 3574; x_wconf 81' lang='lat' dir='ltr'><strong>(Athenienses).</strong></span> <span class='ocrx_word' id='word_1_264' title='bbox 1422 3541 1433 3553; x_wconf 92' lang='lat'><strong>.</strong></span> <span class='ocrx_word' id='word_1_265' title='bbox 1465 3543 1478 3558; x_wconf 90' lang='lat'><strong>.</strong></span> <span class='ocrx_word' id='word_1_266' title='bbox 1510 3544 1523 3558; x_wconf 88' lang='lat'><strong>.</strong></span> <span class='ocrx_word' id='word_1_267' title='bbox 1591 3490 2060 3566; x_wconf 87' lang='grc' dir='ltr'><em>στασιάσαντές</em></span> <span class='ocrx_word' id='word_1_268' title='bbox 2117 3514 2281 3557; x_wconf 90' lang='grc' dir='ltr'><em>ποτε</em></span> <span class='ocrx_word' id='word_1_269' title='bbox 2337 3494 2448 3556; x_wconf 88' lang='grc' dir='ltr'><em>καὶ</em></span> <span class='ocrx_word' id='word_1_270' title='bbox 2505 3491 2578 3557; x_wconf 80' lang='grc' dir='ltr'><em>ἐκ</em></span> <span class='ocrx_word' id='word_1_271' title='bbox 2635 3493 2878 3558; x_wconf 87' lang='grc' dir='ltr'><em>τούτου</em></span> <span class='ocrx_word' id='word_1_272' title='bbox 2924 3495 3033 3558; x_wconf 90' lang='grc' dir='ltr'><em>καὶ</em></span> <span class='ocrx_word' id='word_1_273' title='bbox 3078 3493 3146 3559; x_wconf 78' lang='grc' dir='ltr'><em>ἐκ</em></span> 
     </span>
     <span class='ocr_line' id='line_1_30' title="bbox 545 3597 3149 3687; baseline 0.004 -29"><span class='ocrx_word' id='word_1_274' title='bbox 545 3602 686 3659; x_wconf 90' lang='grc' dir='ltr'><strong>τῶν</strong></span> <span class='ocrx_word' id='word_1_275' title='bbox 730 3598 1261 3681; x_wconf 82' lang='grc' dir='ltr'><em>Λακεδαιμονίων</em></span> <span class='ocrx_word' id='word_1_276' title='bbox 1307 3601 1967 3686; x_wconf 76' lang='grc' dir='ltr'><em>καταπολεμηθέντες</em></span> <span class='ocrx_word' id='word_1_277' title='bbox 2010 3602 2118 3665; x_wconf 89' lang='grc' dir='ltr'><em>καὶ</em></span> <span class='ocrx_word' id='word_1_278' title='bbox 2164 3597 2298 3666; x_wconf 73' lang='grc' dir='ltr'><strong>ὑπὸ</strong></span> <span class='ocrx_word' id='word_1_279' title='bbox 2343 3609 2482 3665; x_wconf 86' lang='grc' dir='ltr'><strong>τῶν</strong></span> <span class='ocrx_word' id='word_1_280' title='bbox 2516 3602 2994 3687; x_wconf 73' lang='grc' dir='ltr'><strong>δυνατωτέρων</strong></span> <span class='ocrx_word' id='word_1_281' title='bbox 3039 3627 3149 3669; x_wconf 92' lang='grc' dir='ltr'><strong>πο-</strong></span> 
     </span>
     <span class='ocr_line' id='line_1_31' title="bbox 550 3707 3148 3798; baseline 0.003 -30"><span class='ocrx_word' id='word_1_282' title='bbox 550 3709 752 3770; x_wconf 86' lang='grc' dir='ltr'><em>λιτῶν</em></span> <span class='ocrx_word' id='word_1_283' title='bbox 828 3708 1355 3792; x_wconf 82' lang='grc' dir='ltr'><em>τυραννηθέντες</em></span> <span class='ocrx_word' id='word_1_284' title='bbox 1423 3707 1502 3774; x_wconf 80' lang='grc' dir='ltr'><strong>οὐ</strong></span> <span class='ocrx_word' id='word_1_285' title='bbox 1586 3709 1914 3794; x_wconf 89' lang='grc' dir='ltr'><em>πρότερον</em></span> <span class='ocrx_word' id='word_1_286' title='bbox 1957 3707 2432 3796; x_wconf 78' lang='grc' dir='ltr'><em>ἀπηλλάγησαν</em></span> <span class='ocrx_word' id='word_1_287' title='bbox 2500 3720 2638 3777; x_wconf 90' lang='grc' dir='ltr'><strong>τῶν</strong></span> <span class='ocrx_word' id='word_1_288' title='bbox 2698 3722 2943 3788; x_wconf 81' lang='grc' dir='ltr'><em>κακῶν,</em></span> <span class='ocrx_word' id='word_1_289' title='bbox 2993 3716 3148 3798; x_wconf 89' lang='grc' dir='ltr'><em>πρὶν</em></span> 
     </span>
     <span class='ocr_line' id='line_1_32' title="bbox 549 3815 3142 3905; baseline 0.003 -27"><span class='ocrx_word' id='word_1_290' title='bbox 549 3815 914 3881; x_wconf 76' lang='grc' dir='ltr'><em>συνθέσθαι</em></span> <span class='ocrx_word' id='word_1_291' title='bbox 960 3819 1067 3882; x_wconf 87' lang='grc' dir='ltr'><em>καὶ</em></span> <span class='ocrx_word' id='word_1_292' title='bbox 1126 3819 1712 3904; x_wconf 80' lang='grc' dir='ltr'><em>διομολογήσασθαι</em></span> <span class='ocrx_word' id='word_1_293' title='bbox 1761 3828 1899 3884; x_wconf 91' lang='grc' dir='ltr'><strong>τῶν</strong></span> <span class='ocrx_word' id='word_1_294' title='bbox 1958 3844 2029 3884; x_wconf 90' lang='grc' dir='ltr'><strong>τε</strong></span> <span class='ocrx_word' id='word_1_295' title='bbox 2089 3820 2592 3905; x_wconf 79' lang='grc' dir='ltr'><em>συμβεβηκότων</em></span> <span class='ocrx_word' id='word_1_296' title='bbox 2651 3824 2831 3901; x_wconf 79' lang='grc' dir='ltr'><em>σφίσι</em></span> <span class='ocrx_word' id='word_1_297' title='bbox 2877 3828 3142 3887; x_wconf 80' lang='grc' dir='ltr'><em>πολλῶν</em></span> 
     </span>
     <span class='ocr_line' id='line_1_33' title="bbox 544 3924 3141 4016; baseline 0.003 -27"><span class='ocrx_word' id='word_1_298' title='bbox 544 3946 679 3989; x_wconf 85' lang='grc' dir='ltr'><strong>που</strong></span> <span class='ocrx_word' id='word_1_299' title='bbox 724 3928 832 3989; x_wconf 83' lang='grc' dir='ltr'><em>καὶ</em></span> <span class='ocrx_word' id='word_1_300' title='bbox 878 3927 1110 3991; x_wconf 79' lang='grc' dir='ltr'><em>δεινῶν</em></span> <span class='ocrx_word' id='word_1_301' title='bbox 1171 3924 1389 3994; x_wconf 81' lang='grc' dir='ltr'><em>ὄντων</em></span> <span class='ocrx_word' id='word_1_302' title='bbox 1431 3929 1855 4015; x_wconf 79' lang='grc' dir='ltr'><em>ἐπιλήσεσθαι</em></span> <span class='ocrx_word' id='word_1_303' title='bbox 1885 3932 1994 3996; x_wconf 90' lang='grc' dir='ltr'><em>καὶ</em></span> <span class='ocrx_word' id='word_1_304' title='bbox 2038 3932 2234 4015; x_wconf 75' lang='grc' dir='ltr'><em>μηδὲν</em></span> <span class='ocrx_word' id='word_1_305' title='bbox 2263 3931 2664 4015; x_wconf 77' lang='grc' dir='ltr'><em>τοπαράπαν</em></span> <span class='ocrx_word' id='word_1_306' title='bbox 2710 3927 2877 4016; x_wconf 70' lang='grc' dir='ltr'><em>ὑπὲρ</em></span> <span class='ocrx_word' id='word_1_307' title='bbox 2924 3930 3141 3998; x_wconf 73' lang='grc' dir='ltr'><em>αὐτῶν</em></span> 
     </span>
     <span class='ocr_line' id='line_1_34' title="bbox 544 4033 3141 4127; baseline 0.003 -31"><span class='ocrx_word' id='word_1_308' title='bbox 544 4034 706 4117; x_wconf 87' lang='grc' dir='ltr'><em>μήτε</em></span> <span class='ocrx_word' id='word_1_309' title='bbox 750 4033 1119 4119; x_wconf 75' lang='grc' dir='ltr'><em>ἐγκαλέσειν</em></span> <span class='ocrx_word' id='word_1_310' title='bbox 1182 4038 1345 4103; x_wconf 83' lang='grc' dir='ltr'><em>ποτὲ</em></span> <span class='ocrx_word' id='word_1_311' title='bbox 1408 4040 1568 4123; x_wconf 87' lang='grc' dir='ltr'><em>μήτε</em></span> <span class='ocrx_word' id='word_1_312' title='bbox 1624 4042 2128 4125; x_wconf 84' lang='grc' dir='ltr'><em>μνησικακήσειν</em></span> <span class='ocrx_word' id='word_1_313' title='bbox 2187 4042 2336 4105; x_wconf 88' lang='grc' dir='ltr'><em>τινί.</em></span> <span class='ocrx_word' id='word_1_314' title='bbox 2400 4043 2734 4126; x_wconf 86' lang='grc' dir='ltr'><em>τοίγαρτοι</em></span> <span class='ocrx_word' id='word_1_315' title='bbox 2812 4043 3141 4127; x_wconf 87' lang='grc' dir='ltr'><em>σωφρονή-</em></span> 
     </span>
     <span class='ocr_line' id='line_1_35' title="bbox 549 4140 3142 4234; baseline 0.005 -28"><span class='ocrx_word' id='word_1_316' title='bbox 549 4159 782 4219; x_wconf 82' lang='grc' dir='ltr'><em>σαντες</em></span> <span class='ocrx_word' id='word_1_317' title='bbox 822 4140 1037 4221; x_wconf 77' lang='grc' dir='ltr'><em>οῧτως</em></span> <span class='ocrx_word' id='word_1_318' title='bbox 1082 4143 1201 4229; x_wconf 81' lang='grc' dir='ltr'><strong>οὐχ</strong></span> <span class='ocrx_word' id='word_1_319' title='bbox 1248 4142 1349 4213; x_wconf 79' lang='grc' dir='ltr'><strong>ὅτι</strong></span> <span class='ocrx_word' id='word_1_320' title='bbox 1393 4150 1906 4234; x_wconf 77' lang='grc' dir='ltr'><em>τυραννούμενοι</em></span> <span class='ocrx_word' id='word_1_321' title='bbox 1951 4152 2060 4215; x_wconf 89' lang='grc' dir='ltr'><em>καὶ</em></span> <span class='ocrx_word' id='word_1_322' title='bbox 2108 4150 2566 4233; x_wconf 74' lang='grc' dir='ltr'><em>στασιάζοντες</em></span> <span class='ocrx_word' id='word_1_323' title='bbox 2597 4149 2987 4227; x_wconf 78' lang='grc' dir='ltr'><em>ἐπαύσαντο,</em></span> <span class='ocrx_word' id='word_1_324' title='bbox 3038 4151 3142 4219; x_wconf 78' lang='grc' dir='ltr'><strong>ἀλ·</strong></span> 
     </span>
     <span class='ocr_line' id='line_1_36' title="bbox 547 4249 3137 4345; baseline 0.003 -30"><span class='ocrx_word' id='word_1_325' title='bbox 547 4251 630 4316; x_wconf 82' lang='grc' dir='ltr'><strong>λὰ</strong></span> <span class='ocrx_word' id='word_1_326' title='bbox 674 4255 783 4318; x_wconf 85' lang='grc' dir='ltr'><em>καὶ</em></span> <span class='ocrx_word' id='word_1_327' title='bbox 827 4268 965 4330; x_wconf 86' lang='grc' dir='ltr'><em>τοῖς</em></span> <span class='ocrx_word' id='word_1_328' title='bbox 1007 4249 1227 4333; x_wconf 77' lang='grc' dir='ltr'><em>ἄλλοις</em></span> <span class='ocrx_word' id='word_1_329' title='bbox 1272 4251 1496 4323; x_wconf 81' lang='grc' dir='ltr'><em>πᾶσιν</em></span> <span class='ocrx_word' id='word_1_330' title='bbox 1519 4256 1916 4344; x_wconf 77' lang='grc' dir='ltr'><em>εὐθύνησαν·</em></span> <span class='ocrx_word' id='word_1_331' title='bbox 1965 4261 2072 4324; x_wconf 92' lang='grc' dir='ltr'><em>καὶ</em></span> <span class='ocrx_word' id='word_1_332' title='bbox 2131 4260 2255 4343; x_wconf 83' lang='grc' dir='ltr'><strong>τὴν</strong></span> <span class='ocrx_word' id='word_1_333' title='bbox 2319 4260 2517 4324; x_wconf 88' lang='grc' dir='ltr'><em>πόλιν</em></span> <span class='ocrx_word' id='word_1_334' title='bbox 2562 4258 3012 4345; x_wconf 80' lang='grc' dir='ltr'><em>ἀνεκτήσαντο</em></span> <span class='ocrx_word' id='word_1_335' title='bbox 3037 4315 3050 4329; x_wconf 91' lang='grc'><strong>.</strong></span> <span class='ocrx_word' id='word_1_336' title='bbox 3081 4312 3093 4324; x_wconf 95' lang='grc'><strong><em>.</em></strong></span> <span class='ocrx_word' id='word_1_337' title='bbox 3127 4312 3137 4324; x_wconf 96' lang='grc'><strong>.</strong></span> 
     </span>
     <span class='ocr_line' id='line_1_37' title="bbox 544 4363 3142 4453; baseline 0.004 -26"><span class='ocrx_word' id='word_1_338' title='bbox 544 4364 757 4429; x_wconf 80' lang='grc' dir='ltr'><em>καίτοι</em></span> <span class='ocrx_word' id='word_1_339' title='bbox 802 4363 858 4429; x_wconf 88' lang='grc' dir='ltr'><em>εἰ</em></span> <span class='ocrx_word' id='word_1_340' title='bbox 924 4363 1395 4450; x_wconf 78' lang='grc' dir='ltr'><em>ἐτεθελήκεσαν</em></span> <span class='ocrx_word' id='word_1_341' title='bbox 1462 4368 1693 4433; x_wconf 78' lang='grc' dir='ltr'><em>ἐκεῖνοι</em></span> <span class='ocrx_word' id='word_1_342' title='bbox 1764 4366 1823 4433; x_wconf 77' lang='grc' dir='ltr'><strong>οἱ</strong></span> <span class='ocrx_word' id='word_1_343' title='bbox 1883 4368 2008 4453; x_wconf 80' lang='grc' dir='ltr'><strong>τὴν</strong></span> <span class='ocrx_word' id='word_1_344' title='bbox 2072 4369 2301 4453; x_wconf 82' lang='grc' dir='ltr'><em>Φυλὴν</em></span> <span class='ocrx_word' id='word_1_345' title='bbox 2361 4370 2849 4451; x_wconf 82' lang='grc' dir='ltr'><em>καταλαβόντες</em></span> <span class='ocrx_word' id='word_1_346' title='bbox 2918 4373 3028 4436; x_wconf 89' lang='grc' dir='ltr'><em>καὶ</em></span> <span class='ocrx_word' id='word_1_347' title='bbox 3070 4370 3142 4437; x_wconf 79' lang='grc' dir='ltr'><em>ἐκ</em></span> 
     </span>
     <span class='ocr_line' id='line_1_38' title="bbox 543 4467 3145 4568; baseline 0.003 -32"><span class='ocrx_word' id='word_1_348' title='bbox 543 4482 663 4537; x_wconf 86' lang='grc' dir='ltr'><strong>τοῦ</strong></span> <span class='ocrx_word' id='word_1_349' title='bbox 717 4477 1037 4558; x_wconf 83' lang='grc' dir='ltr'><em>Πειραιῶς</em></span> <span class='ocrx_word' id='word_1_350' title='bbox 1093 4477 1537 4553; x_wconf 85' lang='grc' dir='ltr'><em>κατελθόντες</em></span> <span class='ocrx_word' id='word_1_351' title='bbox 1598 4479 2099 4562; x_wconf 85' lang='grc' dir='ltr'><em>τιμωρήσασθαι</em></span> <span class='ocrx_word' id='word_1_352' title='bbox 2154 4478 2319 4568; x_wconf 23' lang='grc' dir='ltr'><em>τοὺς,</em></span> <span class='ocrx_word' id='word_1_353' title='bbox 2371 4478 2445 4543; x_wconf 77' lang='grc' dir='ltr'><em>ἐκ</em></span> <span class='ocrx_word' id='word_1_354' title='bbox 2511 4490 2631 4545; x_wconf 82' lang='grc' dir='ltr'><strong>τοῦ</strong></span> <span class='ocrx_word' id='word_1_355' title='bbox 2672 4467 2915 4555; x_wconf 51' lang='grc' dir='ltr'><em>’ἄστεος</em></span> <span class='ocrx_word' id='word_1_356' title='bbox 2976 4477 3145 4567; x_wconf 57' lang='grc' dir='ltr'><strong>ὑπὲρ</strong></span> 
     </span>
    </p>
   </div>
   <div class='ocr_carea' id='block_1_3' title="bbox 3092 4611 3412 5013">
    <p class='ocr_par' dir='ltr' id='par_1_4' title="bbox 3092 4611 3412 5013">
     <span class='ocr_line' id='line_1_39' title="bbox 3092 4611 3412 5013; baseline 0 37"><span class='ocrx_word' id='word_1_357' title='bbox 3092 4611 3412 5013; x_wconf 95' lang='lat' dir='ltr'><strong> </strong></span> 
     </span>
    </p>
   </div>
   <div class='ocr_carea' id='block_1_4' title="bbox 3402 547 3410 2935">
    <p class='ocr_par' dir='ltr' id='par_1_5' title="bbox 3402 547 3410 2935">
     <span class='ocr_line' id='line_1_40' title="bbox 3402 547 3410 2935; baseline 0 0"><span class='ocrx_word' id='word_1_358' title='bbox 3402 547 3410 2935; x_wconf 95' lang='lat' dir='ltr'><strong> </strong></span> 
     </span>
    </p>
   </div>
  </div>
 </body>
</html>
