3459 5050
1830 281 1910 346 72

567 481 924 543 amnestiae
983 480 1217 562 pactio
1261 480 1553 543 nondum
1603 479 1775 545 facta
1822 490 1974 544 erat.
2070 480 2219 562 Qua
2280 483 2362 545 de
2422 503 2648 557 causa,
2714 485 3018 568 quoniam
3070 507 3153 548 ex

574 590 675 653 his
737 592 950 655 verbis
1017 593 1173 655 certi
1245 591 1600 673 quidquam
1666 593 1991 673 cognosci
2046 612 2175 677 non
2238 603 2480 673 potest,
2544 595 2700 677 quid
2768 594 3152 676 significent,

565 722 601 763 e
640 712 949 765 contextu
1013 705 1472 766 sententiarum
1535 704 1980 784 quaerendum
2037 713 2154 769 est.
2208 704 2242 787 ξ
2293 719 2393 781 23,
2445 724 2480 766 e
2530 723 2659 784 qua
2704 707 2909 768 verba
2953 725 3150 788 supra

566 810 830 875 laudata
889 815 1153 894 sumpsi,
1214 812 1369 875 nihil
1423 813 1752 891 continet,
1815 813 1993 894 quod
2055 814 2416 877 necessario
2475 812 2579 877 de'
2605 817 2924 879 amnestia
2972 816 3152 879 intel·

564 922 909 1003 legendum
976 923 1078 998 sit,
1149 944 1299 987 nam
1371 923 1722 985 concordia
1790 923 1919 984 iam
1990 924 2167 1002 pacis
2233 924 2531 987 condicio
2601 923 2750 999 fuit,
2826 944 3019 1014 quae,
3094 927 3148 986 si

564 1033 981 1095 metuendum
1014 1044 1169 1107 erat,
1204 1054 1286 1096 ne
1318 1034 1706 1107 turbaretur,
1755 1034 2015 1112 saepius
2044 1033 2258 1096 bonus
2286 1034 2446 1097 civis
2477 1035 2667 1116 pacis¹
2689 1035 3159 1098 condicionum

563 1151 971 1205 accusator-es
1031 1145 1462 1208 admonuerit.
1537 1142 1759 1223 ·Quae
1821 1144 2050 1206 eadem
2099 1144 2372 1206 dicenda
2418 1153 2569 1206 sunt
2615 1144 2698 1206 de
2745 1146 2786 1225 ξ
2836 1148 2938 1219 28,
2988 1165 3156 1226 quae

565 1261 662 1314 est
725 1252 883 1343 alter
954 1274 990 1314 e
1057 1255 1263 1316 tribus
1311 1253 1427 1315 illis
1491 1253 1686 1323 lociS‚
1765 1263 1962 1334 atque
2010 1255 2223 1316 etiam
2270 1255 2304 1338 ἓ
2355 1270 2472 1332 30,
2524 1255 2586 1317 in
2631 1275 2761 1337 qua
2801 1256 3158 1320 amnestiae

563 1363 871 1425 indicium
933 1364 1218 1426 inveniat
1276 1364 1454 1445 quiS‚
1525 1363 1607 1425 de
1671 1363 1809 1425 sola
1870 1382 2032 1443 pace
2081 1363 2364 1444 intellegi
2424 1375 2662 1447 potest.
2757 1365 3010 1446 Quodsi
3055 1365 3155 1427 his

467 1457 471 1463 ’
560 1472 720 1535 locis
786 1473 1045 1557 probari
1117 1494 1275 1536 nonv
1309 1483 1531 1553 potest
1596 1483 1748 1555 post
1806 1474 2191 1536 amnestiam
2254 1475 2738 1557 promulgatam
2801 1474 2970 1538 hanc
3015 1495 3152 1537 ora·

568 1583 813 1646 tionem
857 1583 1146 1659 habitam
1191 1604 1351 1658 esse,
1401 1584 1483 1646 de
1516 1585 1833 1647 amnestia
1866 1583 2092 1645 melius
2123 1584 2582 1665 intelleguntur
2611 1588 2812 1648 verba
2844 1587 3153 1648 orationis

565 1703 871 1768 extrema,
924 1713 960 1756 e
991 1696 1226 1777 quibus
1258 1703 1532 1778 apparet
1565 1715 1645 1756 eo
1679 1694 1921 1757 iudices
1953 1695 2133 1776 pacis
2169 1695 2587 1758 condiciones
2619 1706 2683 1759 et
2718 1696 3153 1759 iusiurandum

471 1848 475 1861 2
565 1805 854 1879 laedere,
927 1807 979 1867 si
1041 1815 1311 1888 propter
1376 1805 1658 1868 facinora
1718 1813 1869 1866 ante
1933 1806 2281 1867 commissa
2355 1804 2650 1868 homines
2710 1806 2774 1867 in
2843 1806 3149 1871 iudicium

564 1924 823 2002 vocant,
872 1917 1050 1998 quod
1097 1917 1413 1978 amnestia
1462 1915 1725 1976 demum
1774 1915 2034 1977 decreta
2082 1916 2317 1978 diserte
2364 1917 2640 1979 vetitum
2689 1924 2846 1982 erat.
2936 1915 3151 1996 Quam

566 2025 651 2086 ob
701 2045 837 2087 rem
885 2026 1078 2088 etiam
1127 2025 1781 2088 nobis-statuendum
1829 2033 1927 2087 est
1971 2034 2125 2106 post
2173 2026 2558 2091 amnestiam
2607 2027 2937 2089 decretam
2981 2025 3150 2089 hanc

566 2135 927 2200 orationem
969 2134 1259 2197 habitam
1305 2156 1466 2209 esse,
1519 2136 1806 2216 sequitur
1853 2135 2061 2215 igitur,
2114 2144 2184 2197 ut
2229 2136 2416 2198 nobis
2460 2137 3036 2199 demonstrandum
3067 2137 3152 2217 sit

566 2254 677 2307 aut
741 2244 902 2307 falso
962 2254 1074 2307 aut
1132 2255 1307 2308 certe
1366 2264 1495 2308 non
1544 2246 1909 2308 necessario
1958 2247 2017 2307 ei
2064 2247 2363 2328 tempori,
2416 2247 2604 2328 quod>
2643 2243 2807 2310 inter
2852 2246 3148 2310 exsulum

566 2355 842 2418 reditum
893 2365 958 2417 et
1005 2355 1242 2418 bellum
1292 2355 1688 2418 Eleusinium
1738 2354 1987 2418 finitum
2037 2357 2437 2421 interiectum
2487 2367 2603 2429 est,
2681 2357 2845 2420 hanc
2888 2377 3147 2420 causam

569 2485 608 2529 a
655 2462 972 2530 Grossero
1020 2467 1329 2531 tributam
1378 2488 1535 2531 esse.

780 2578 996 2658 Quam
1042 2598 1178 2640 rem
1221 2599 1425 2660 parva
1469 2598 1671 2661 opera
1714 2579 2021 2663 expedire
2061 2559 2344 2661 posse-m,
2395 2580 2451 2641 si
2494 2600 2588 2653 ea,
2625 2580 2859 2662 quibus
2895 2578 3149 2643 Stutzer

570 2688 1035 2752 demonstravit
1080 2710 1210 2752 non
1259 2699 1521 2763 certum,
1573 2690 1687 2751 sed
1737 2683 1955 2753 tamen
2004 2689 2342 2752 verisimile
2390 2710 2530 2752 esse
2577 2671 2743 2752 hanc
2787 2692 3145 2754 orationem

564 2798 857 2864 habitam
930 2818 1103 2872 esse,
1186 2809 1535 2881 postquam
1603 2800 1853 2862 Eleusis
1920 2809 2300 2883 recuperata
2369 2810 2557 2875 esset,
2628 2821 2775 2863 mea
2843 2800 3139 2867 facerem.

571 2908 884 2973 Attamen
929 2908 1058 2972 hoc
1105 2910 1318 2974 facere
1364 2931 1493 2973 non
1541 2911 1772 2986 aude0‚
1808 2911 1977 2993 'quia
2025 2932 2270 2986 vereor,
2321 2931 2402 2973 ne
2438 2909 2714 2975 Stutzeri
2747 2912 3146 2995 argumentis

566 3016 859 3081 Grosseri
907 3021 1225 3083 sententia
1269 3020 1591 3104 plerisque
1637 3022 1788 3084 viris
1833 3024 2042 3085 doctis
2091 3043 2220 3084 non
2264 3021 2539 3085 refutata
2573 3023 2884 3097 videatur,
2936 3042 3147 3104 neque

565 3130 717 3203 scio,
766 3149 848 3191 an
894 3130 1033 3211 ipse
1080 3131 1215 3193 eius
1260 3131 1405 3194 loco
1440 3129 1828 3195 Grosserum
1875 3144 2211 3210 secuturus
2257 3131 2505 3205 fuerim,
2555 3133 2801 3215 quippe
2839 3134 3015 3195 cuius
3062 3133 3148 3195 de

564 3238 685 3302 hac
732 3240 1032 3304 oratione
1077 3244 1560 3316 commentatiO,
1611 3244 1908 3326 quamvis
1932 3245 2153 3325 magni
2187 3265 2434 3308 errores
2459 3265 2589 3307 non
2638 3244 2866 3317 desint,
2917 3244 3146 3307 ceteris

564 3350 647 3412 sit
714 3351 849 3411 sine
919 3350 1119 3413 dubio
1190 3351 1432 3414 melior.
1532 3351 1833 3416 Stutzero
1905 3354 2078 3415 enim
2147 3356 2524 3436 contingere
2595 3376 2724 3418 non
2771 3355 3022 3434 potuit,
3074 3364 3146 3415 ut

565 3458 859 3522 Grosseri
906 3462 1292 3526 sententiam
1338 3462 1671 3537 refelleret,
1708 3465 1860 3545 quia
1894 3465 1957 3526 in
1991 3485 2068 3526 ea
2098 3467 2497 3546 quaestione,
2533 3486 2571 3526 a
2601 3487 2729 3548 qua
2762 3464 3146 3527 ordiendum

563 3578 720 3642 erat,
771 3590 1002 3652 parum
1048 3581 1341 3635 versatus
1390 3583 1455 3636 et
1501 3574 1641 3656 ipse
1682 3574 1806 3635 sibi
1851 3576 2168 3655 persuasit
2214 3576 2313 3638 bis
2359 3576 2743 3640 amnestiam
2792 3576 3140 3647 decretam,
3177 3561 3185 3568 ⁹

532 3664 993 3759 ¹trigintaviros
1039 3702 1267 3744 omnes
1313 3704 1430 3765 per
1476 3685 1736 3747 insidias
1783 3684 2189 3759 interfectos»,
2256 3686 2732 3748 undecimviros
2780 3695 2846 3748 et
2891 3685 3149 3747 decem-

563 3791 735 3852 viros
782 3792 1097 3853 amnestia
1145 3792 1299 3855 data
1346 3795 1504 3856 urbe
1542 3802 1839 3877 receptos
1883 3815 2044 3878 esse.
2125 3796 2383 3876 Quibus
2414 3796 2741 3859 concessis
2775 3795 3146 3877 complures

561 3901 870 3962 orationis
932 3900 1055 3963 loci
1113 3903 1223 3964 vix
1283 3902 1481 3977 aliter,
1547 3925 1747 3986 quam
1812 3903 2083 3968 Grosser
2142 3906 2598 3987 interpretatus
2661 3915 2775 3975 est.
2850 3887 3136 3986 intellegi

561 4020 854 4092 possunt.
957 4012 1062 4074 Ex
1120 4013 1231 4086 εἰς,
1291 4033 1463 4094 quae
1524 4017 1565 4095 ξ
1629 4032 1712 4093 24
1770 4013 2099 4095 leguntur:
2176 4014 2274 4080 »οἱ
2336 4016 2691 4100 φεύγοντες
2733 4023 2870 4080 τῶν
2915 4010 3144 4079 ἄλλων

561 4124 854 4185 πολιτῶν
912 4113 1002 4196 ὡς
1071 4124 1415 4199 πλείστους
1477 4126 1586 4188 καὶ
1657 4124 2126 4210 διαβεβλῆσθαι
2192 4127 2302 4190 καὶ
2362 4124 2735 4211 ’ἠτιμῶσθαι
2787 4125 3141 4205 βούλονται

559 4227 938 4313 ἐλπίζοντες
981 4230 1138 4307 τοὺς
1181 4227 1296 4313 ὑφ’
1342 4229 1525 4317 ὑμῶν
1571 4232 2032 4319 ἀδικουμένους
2095 4230 2349 4311 ἑαυτοῖς
2415 4233 2677 4301 ἔσεσθαι
2726 4235 3140 4320 συμμάχουςι

560 4361 771 4421 neque
818 4343 1029 4405 minus
1075 4362 1110 4403 e
1158 4344 1192 4427 ξ
1239 4344 1319 4410 6:
1377 4342 1625 4410 »ἱκανοὶ
1672 4343 1798 4431 γὰρ
1844 4344 1903 4410 οἱ
1946 4341 2354 4432 ὑπάρχοντες
2398 4344 2625 4432 ἐχθροὶ
2669 4350 2752 4430 τῇ
2795 4345 2982 4411 πόλει
3027 4348 3145 4411 καὶ

556 4450 717 4534 μέγα
768 4451 991 4536 κέρδος
1038 4454 1409 4536 νομίζοντες
1456 4450 1618 4520 εἶναι
1663 4454 1820 4531 τοὺς
1863 4453 2104 4543 ἀδίκους
2144 4456 2216 4521 ἐν
2261 4469 2404 4532 ταῖς
2449 4458 2774 4538 διαβολαῖς
2816 4460 3144 4542 καθεστη·
