3459 5050
1759 248 1847 326 96

1670 559 1939 666 Vita.

712 779 953 860 Jiirgen
1014 777 1313 840 Andreas
1359 777 1651 841 Lubbert
1711 785 1901 838 natus
1945 795 2089 838 sum
2149 776 2212 836 in
2272 776 2416 838 vico
2465 795 2668 856 parvo
2712 773 3098 835 Ditmarsiae

507 888 962 963 meridionalis,
1014 889 1124 969 qui
1169 897 1441 950 vocatur
1478 887 1918 961 Neuendeich,
1971 887 2074 952 die
2120 885 2240 948 XII
2285 886 2524 948 mensis
2570 883 2898 947 Februarii
2954 882 3100 944 anni

519 999 701 1078 1856,
750 1007 936 1081 patre
970 999 1211 1080 Jiirgen
1259 997 1547 1072 Hinrich,
1596 1008 1802 1061 matre
1834 996 2033 1078 Antje
2082 1017 2117 1059 e
2165 1005 2361 1078 gente
2393 994 2728 1068 Hehncke,
2779 1014 2944 1076 quos
2991 992 3098 1055 ad-

512 1110 636 1170 hm:
704 1109 1082 1190 superstites
1137 1109 1245 1193 pio
1307 1110 1526 1171 animo
1585 1129 1878 1174 veneror.
1972 1107 2211 1170 Fidem·
2270 1105 2579 1186 profiteor
2632 1103 3096 1186 evangelicam.

512 1220 913 1282 Rudirnentis
973 1219 1329 1282 litterarum
1389 1221 1453 1281 in
1512 1220 1635 1281 vici
1684 1218 1909 1281 schola
1954 1218 2240 1281 imbutus
2288 1217 2612 1280 decimum
2659 1217 2956 1297 quintum
3000 1235 3124 1292 ae·-

510 1330 656 1390 tatis
688 1348 926 1391 annum
959 1329 1086 1391 iam
1120 1349 1325 1410 agens
1358 1350 1510 1392 vere
1543 1330 1692 1393 anni
1736 1332 1903 1409 1870
1950 1331 2012 1391 in
2047 1329 2313 1392 scholae
2348 1327 2554 1401 realiS,
2607 1347 2773 1407 quae
2812 1335 3097 1402 vocatur,

512 1440 864 1502 [narnensis
925 1439 1222 1502 ordinem
1284 1439 1577 1503 infimum
1624 1450 1925 1521 receptus
1977 1461 2160 1514 sum,
2225 1441 2405 1503 cuius
2467 1438 2729 1501 scholae
2798 1457 3100 1519 praecep-

508 1562 680 1610 tores
732 1550 889 1621 du0,
955 1551 1165 1612 Freist
1211 1559 1276 1612 et
1320 1550 1758 1626 Knackstedt,
1807 1552 2054 1634 optime
2103 1551 2185 1614 de
2234 1571 2338 1613 me
2399 1550 2609 1612 meriti
2666 1557 2849 1621 sunt,
2923 1547 3100 1628 quod
3179 1532 3185 1537 ’

508 1674 803 1723 auctores
852 1659 1008 1722 mihi
1052 1659 1305 1723 fuerunt
1349 1661 1589 1725 litteras
1636 1663 2035 1744 capessendi.
2123 1662 2304 1744 Quas
2349 1671 2420 1724 ut
2477 1679 2905 1743 capesserem,
2955 1679 3100 1722 auc-

508 1782 732 1830 tumni]
780 1772 926 1833 anni
988 1774 1141 1850 1871
1196 1772 1260 1832 in
1309 1773 1628 1853 gymnasii
1654 1772 2155 1846 MeldorfiensiS,
2210 1773 2387 1854 quod
2435 1764 2740 1834 Kolstero
2788 1771 3103 1832 directore

508 1894 641 1946 tum
696 1881 996 1954 florebat,
1049 1902 1215 1943 nunc
1277 1883 1625 1956 Lorenzi0,
1690 1881 1960 1947 classem
2024 1884 2280 1945 tertiam
2343 1891 2642 1962 receptus
2703 1901 2865 1944 sum.
2966 1881 3102 1942 Nec

508 2014 634 2054 non
712 1991 896 2054 huius
964 1991 1228 2055 scholae
1297 1993 1619 2076 magistris
1688 1992 2080 2073 permultum
2143 1993 2389 2067 debe0‚
2467 1992 2788 2074 imprimis
2847 1990 3102 2052 duobus

508 2106 672 2170 viris,
724 2103 955 2166 Carolo
1000 2103 1197 2183 Mayo
1245 2113 1313 2166 et
1359 2103 1662 2168 Kolstero
1712 2104 2052 2178 directori,
2103 2123 2382 2185 quorum
2427 2103 2529 2165 ille
2575 2121 2830 2165 summa
2875 2101 3098 2164 libera·

508 2218 716 2286 litate,
780 2214 885 2277 ubi
947 2214 1229 2295 primum
1302 2233 1405 2276 me
1452 2215 1665 2287 novit,
1730 2234 1992 2295 semper
2054 2235 2158 2277 me
2221 2214 2602 2297 discipulum
2653 2213 2931 2286 adiuvit,
2997 2212 3102 2273 hic

508 2326 704 2386 etiarn
780 2345 945 2386 nunc
1009 2325 1209 2404 patris
1272 2325 1471 2387 instar
1534 2344 1640 2386 me
1701 2324 1882 2388 fovet
1941 2335 2005 2388 et
2078 2325 2297 2388 omnia
2353 2325 2566 2387 studia
2625 2345 2771 2387 mea
2827 2300 3104 2385 consiliis

508 2434 836 2498 benur-*olis
882 2435 1161 2497 adiuvat.
2545 2436 2551 2440 ’

720 2546 888 2608 Vere
934 2555 1156 2608 autem
1204 2547 1354 2608 anni
1411 2548 1577 2628 1876
1640 2548 2026 2611 maturitatis
2086 2542 2384 2611 examine
2449 2546 2822 2629 perfunctus
2865 2543 3105 2607 Kiliam

512 2678 612 2714 uu:
672 2656 941 2730 contuli,
1016 2670 1086 2718 ut
1142 2656 1369 2718 studiis
1417 2656 1825 2739 philologieis
1873 2678 2142 2740 operam
2208 2657 2428 2720 darem
2488 2658 2706 2739 ibique
2766 2675 2883 2735 per
2942 2655 3104 2717 haee

512 2786 744 2826 nmen]
804 2766 1136 2828 semestria
1204 2766 1458 2830 interfui
1523 2768 1761 2830 scholis
1819 2790 1919 2830 vv.
1993 2768 2102 2833 dd.
2175 2767 2495 2840 Liibbert,
2572 2766 3099 2839 Forchhammer,

516 2878 704 2946 Elatia,
744 2876 1005 2950 Pischel,
1042 2875 1289 2949 Hoeck,
1328 2876 1605 2951 Sterroz,
1642 2878 1841 2942 Heise
1874 2877 2300 2961 philologiciS,
2335 2898 2435 2943 vv.
2475 2877 2583 2944 dd.
2618 2876 3098 2958 Volquardsen‚

512 2989 764 3059 Husnlt,
833 2986 1133 3049 Schirren
1197 2987 1555 3061 historicis,
1622 3009 1725 3049 vv.
1778 2988 1882 3050 dd.
1935 2987 2254 3051 Thaulow
2297 2997 2362 3050 et
2408 2987 2750 3049 Pfleiderer
2790 2973 3100 3065 'philoso-

512 3099 736 3179 pincis,
788 3119 886 3163 vv.
935 3097 1042 3160 dd.
1095 3097 1551 3159 Klostermann
1600 3106 1665 3159 et
1712 3098 1794 3160 H.
1848 3098 2230 3162 Liidemann
2278 3098 2678 3179 theologicis
2760 3095 3100 3160 Seminarii

512 3208 885 3291 philologici
917 3229 1035 3290 per
1080 3208 1211 3270 duo
1256 3210 1585 3271 semestria
1630 3209 1716 3271 fui
1761 3211 1998 3273 sodalis
2046 3208 2610 3282 extraordinarius,
2661 3207 2942 3270 historici
2977 3226 3096 3288 per

524 3339 712 3379 unum
768 3326 1074 3380 semestre
1119 3318 1358 3381 sodalis
1406 3320 1988 3394 extraordinarius,
2057 3319 2292 3382 deinde
2340 3318 2668 3404 utriusque
2700 3338 2816 3399 per
2847 3325 3102 3398 septem

516 3428 854 3491 semestria
904 3428 1143 3490 sodalis
1188 3430 1564 3492 ordinarius.
1660 3431 1980 3493 Examine
2027 3431 2336 3512 rigoroso,
2409 3428 2582 3509 quod
2630 3437 2916 3500 vocatur,
2964 3448 3105 3511 per-

524 3539 772 3599 functus
816 3558 961 3599 sum
1006 3538 1109 3600 die
1156 3538 1337 3601 XXII
1385 3541 1621 3602 mensis
1667 3540 2053 3604 Decembris
2104 3540 2251 3603 anni
2311 3540 2493 3612 1880,
2540 3538 2838 3601 examine
2882 3547 3101 3600 autem

516 3667 632 3727 prm
684 3645 979 3710 facultate
1025 3648 1301 3711 docendi
1348 3650 1452 3714 die
1494 3650 1614 3713 XII
1659 3652 1898 3714 mensis
1945 3650 2274 3713 Februarii
2331 3651 2513 3711 1881.

724 3758 1021 3838 Denique
1086 3759 1214 3821 hoc
1279 3760 1423 3822 loco
1491 3760 1793 3823 omnibus
1859 3760 2007 3822 viris
2076 3759 2454 3833 nominatis,
2524 3771 2801 3840 quorum
2861 3743 3100 3821 scholis

512 3867 788 3939 interfui,
848 3887 1133 3931 summas
1178 3888 1309 3950 ago
1354 3870 1624 3950 gratiaS,
1690 3872 1800 3952 qui
1846 3891 2075 3933 omnes
2119 3871 2365 3952 optime
2413 3870 2495 3932 de
2544 3890 2647 3932 me
2691 3870 2902 3932 meriti
2945 3878 3099 3931 sunt

512 3987 576 4039 et
624 3997 849 4040 omnes
890 3986 1233 4061 tantopere
1265 3980 1419 4042 mihi
1452 3978 1765 4055 faverunt,
1815 3990 1901 4054 ut,
1950 3980 2049 4042 cui
2082 3981 2372 4043 omnium
2405 3979 2753 4060 plurimum
2798 3978 3094 4053 debeam,

516 4091 811 4151 nesciam.
907 4086 1217 4151 Omnium
1267 4110 1489 4152 eorum
1541 4110 1696 4171 erga
1741 4110 1844 4154 me
1891 4091 2269 4155 meritorum
2318 4090 2696 4157 memoriam
2744 4088 2914 4154 nulla
2957 4109 3096 4153 um·

516 4219 708 4283 quarn
760 4196 997 4261 delebit
1043 4198 1303 4265 obliviO.
