3459 5050
1525 299 1666 381 „27
1703 368 1708 373 ,

330 492 498 577 πρὸς
543 490 866 578 ἀλλήλους
923 495 1376 578 πεποιήκασιν,
1435 494 1585 563 ἀντὶ
1645 497 1711 562 δὲ
1770 497 2022 582 εἰρήνης
2079 496 2366 580 πόλεμον
2420 484 2912 581 κατηγγέλᾶεασι,

326 601 431 667 διὰ
477 605 755 680 τούτους
801 605 866 669 δὲ
912 599 1170 672 ἄπιστοι
1215 620 1353 683 τοῖς
1389 600 1649 693 Ἕλλησι
1689 608 2153 692 γεγενῆμεθαι,
2226 627 2392 688 quae
2439 618 2666 690 aperte
2711 616 2919 670 osten-

326 715 488 778 dunt
549 715 804 796 longius
877 720 1191 799 temporis
1260 720 1542 799 spatium
1614 729 1771 801 post·
1833 720 2296 782 democratiam
2365 720 2729 780 restitutam
2793 719 2921 779 iam

326 827 840 909 praeterlapsum
875 849 1031 903 esse,
1060 839 1128 891 et
1154 829 1445 893 Grosseri
1478 832 1869 894 sententiam
1894 831 2124 893 falsam
2159 851 2320 903 esse,
2356 829 2735 911 praesertim
2772 848 2920 889 cum

326 946 608 1000 statuere
644 958 773 999 non
813 940 1094 1020 potuerit
1126 940 1307 1002 brevi
1344 951 1494 1003 ante
1539 941 1845 1003 Eleusina
1884 950 2145 1021 captam
2195 940 2364 1003 hanc
2410 959 2671 1002 causam
2704 949 2919 1001 actam

329 1068 488 1122 esse,
534 1068 933 1130 quamquam
965 1048 1092 1112 hoc
1140 1070 1267 1112 non
1300 1052 1472 1115 dicit.
1542 1052 1732 1125 Nam,
1774 1062 1845 1115 ut
1879 1072 2076 1132 supra
2117 1052 2152 1133 ξ
2195 1052 2280 1113 26
2310 1050 2917 1123 demonstravimus,

325 1159 448 1221 sibi
474 1159 798 1239 persuasit
820 1160 1059 1222 bellum
1085 1161 1481 1224 Eleusinium
1505 1181 1623 1241 per
1645 1161 1903 1241 longius
1926 1172 2187 1242 tempus
2209 1163 2477 1224 ductum
2508 1181 2669 1227 esse.
2721 1160 2919 1241 Quod

328 1271 480 1350 quia
498 1269 620 1331 hac
646 1270 937 1333 oratione
962 1271 1108 1333 belli
1135 1272 1378 1334 mentio
1404 1291 1534 1333 non
1564 1271 1636 1335 fit
1660 1271 1761 1333 vel
1786 1273 2004 1354 potius
2030 1294 2066 1334 e
2093 1274 2128 1356 ἓ
2167 1286 2195 1352 5
2230 1274 2370 1355 ipse
2393 1271 2655 1355 collegit
2677 1270 2918 1333 bellum

328 1381 463 1460 geri
490 1379 779 1441 nondum
796 1391 1105 1460 coeptum
1128 1402 1286 1456 esse,
1306 1404 1474 1465 opus
1497 1392 1597 1445 est
1621 1403 1772 1446 eum
1796 1383 1963 1445 hanc
1988 1384 2347 1464 orationem
2376 1390 2525 1444 ante
2552 1382 2915 1444 orationem

325 1486 551 1553 contra
596 1490 1097 1554 Eratosthenem
1143 1492 1430 1557 habitam
1478 1502 1544 1555 et
1588 1502 1742 1555 ante
1790 1492 1937 1581 belli
1986 1494 2237 1556 initium
2283 1492 2608 1575 posuisse,
2656 1492 2710 1552 si
2758 1511 2916 1553 vero

324 1601 451 1664 hoc
511 1601 881 1663 diuturnum
943 1601 1080 1676 fuit,
1155 1601 1483 1682 paululum
1531 1604 1848 1685 temporis
1910 1604 2284 1685 relinquitur
2345 1603 2507 1664 inter
2554 1601 2777 1684 populi
2827 1621 2916 1663 re-

324 1712 533 1774 ditum
596 1720 662 1773 et
718 1712 884 1774 hanc
942 1713 1302 1775 orationem
1365 1713 1786 1776 interiectum.
1895 1714 1981 1775 Et
2037 1732 2436 1794 quamquam
2496 1711 2774 1773 vidimus
2832 1732 2914 1773 ex

329 1823 421 1885 eis
467 1822 625 1883 locis
670 1822 752 1883 de
798 1822 988 1884 huius
1032 1823 1181 1885 belli
1225 1823 1632 1903 longitudine
1678 1825 2038 1904 quidquam
2070 1823 2375 1902 colligere
2420 1822 2476 1883 ei
2525 1842 2654 1883 non
2702 1822 2910 1896 licere,

324 1943 543 1994 tamen
576 1931 640 2008 id
691 1952 952 2013 quoque
982 1933 1261 1995 vidimus
1294 1934 1434 1995 iam·
1463 1934 1639 1996 brevi
1688 1944 1841 2016 post
1885 1935 2162 1997 reditum
2221 1933 2388 1995 hanc
2433 1933 2917 2011 expeditionem

320 2052 694 2125 susceptam
756 2052 839 2104 et·
877 2043 1126 2106 finitam
1181 2063 1340 2109 esse.
1449 2043 1598 2124 Qua
1655 2045 1738 2108 de
1799 2066 1995 2108 causa
2062 2053 2330 2126 propter
2388 2042 2590 2104 verba
2655 2041 2916 2105 laudata

321 2153 739 2216 statuendum
786 2162 883 2216 est
931 2175 1141 2234 neque
1184 2164 1335 2216 ante
1384 2155 1870 2237 expeditionem
1902 2155 2298 2218 Eleusiniam
2329 2172 2541 2233 neque
2584 2152 2672 2214 ita
2718 2151 2915 2233 paulo

322 2273 476 2346 post
536 2283 681 2326 eam
743 2263 990 2327 finitam
1051 2265 1218 2327 hanc
1281 2265 1643 2327 orationem
1710 2264 1999 2328 habitam
2046 2285 2208 2326 esse.
2305 2262 2530 2344 Atque
2575 2261 2733 2324 haec
2778 2282 2913 2324 sen-

320 2375 525 2437 tentia
572 2375 765 2437 etiam
815 2396 895 2438 eo
939 2374 1314 2447 affirmatur,
1368 2375 1545 2456 quod
1593 2385 1815 2438 orator
1861 2377 1924 2436 in
1969 2378 2010 2455 §
2061 2378 2142 2437 28
2193 2384 2405 2438 narrat
2448 2395 2665 2457 saepe,
2723 2378 2910 2439 »πολ-

273 2543 282 2550 .
324 2483 547 2561 adm«
572 2534 586 2559 ,
656 2486 853 2549 duces
910 2485 1156 2548 civibus
1218 2486 1525 2558 suasisse,
1587 2494 1656 2549 ut
1715 2485 2130 2548 condiciones
2179 2494 2244 2547 et
2304 2485 2741 2548 iusiurandum
2787 2506 2912 2548 ser-

321 2605 571 2671 varent,
619 2617 788 2670 nam,
838 2605 1294 2681 praeterquam
1336 2597 1515 2678 quod
1561 2596 1722 2659 haec
1754 2596 1973 2668 verba,
2020 2614 2186 2675 quae
2217 2594 2552 2658 firmantur
2581 2615 2621 2657 a
2652 2596 2909 2679 Nepote

320 2704 551 2772 ThraS.
613 2724 671 2787 3,
722 2707 806 2768 de
866 2707 1180 2769 amnestia
1230 2716 1380 2790 post
1439 2707 1924 2791 expeditionem
1971 2705 2363 2769 Eleusiniam
2435 2706 2696 2768 decreta
2740 2706 2912 2769 dicta

318 2825 490 2886 sunt,
526 2835 655 2879 non
684 2816 1025 2880 verisimile
1075 2826 1172 2879 est
1217 2818 1603 2880 amnestiam
1636 2818 1838 2880 modo
1871 2816 2351 2900 promulgatam
2384 2814 2622 2878 multos
2657 2816 2913 2879 laedere

320 2935 594 2988 conatos
641 2947 801 2993 esse.
882 2927 1056 2989 Num
1104 2936 1489 3007 argumenta
1532 2927 1633 2989 his
1679 2949 1718 2990 a
1752 2926 2051 2990 Stutzero
2076 2949 2156 3010 p.
2212 2941 2295 3003 30
2342 2926 2583 2999 addita,
2635 2919 2910 3007 quo'rum

319 3035 585 3121 insuper
629 3037 985 3120 compluria
1030 3037 1185 3100 falsa
1228 3047 1407 3110 sunt,
1483 3038 1665 3100 ullius
1730 3038 2046 3100 momenti
2108 3037 2265 3111 sint,
2327 3036 2785 3110 dubitaverim,
2846 3045 2914 3098 et

320 3146 553 3209 videor
601 3167 678 3209 ea
726 3148 1026 3238 omittere
1083 3167 1291 3231 posse.
1384 3148 1442 3210 E
1500 3148 1722 3210 colore
1769 3158 1986 3210 autem
2032 3147 2344 3209 orationis
2415 3165 2610 3224 quam
2655 3145 2911 3208 difficile

320 3257 405 3319 sit
452 3257 534 3319 de
580 3278 792 3320 rerum
837 3268 1493 3321 commemoratorum
1541 3268 1839 3341 tempore
1884 3259 2257 3331 decernere,
2315 3256 2584 3337 colligas
2632 3257 2911 3318 duorum

315 3368 608 3430 'virorum
655 3363 1016 3442 doctorum,
1065 3389 1341 3452 quorum
1390 3369 1719 3449 utriusque
1767 3369 2118 3431 auctoritas
2166 3369 2247 3429 de
2279 3367 2377 3429 his
2421 3367 2614 3429 rebus
2661 3385 2912 3428 summa

321 3486 440 3550 est,
487 3480 820 3541 sententiis
864 3481 1283 3563 comparatis:
1332 3479 1513 3541 Blass
1558 3478 1595 3542 l.
1630 3477 1665 3540 l.
1703 3479 1728 3540 1
1769 3491 1892 3559 509
1923 3479 2147 3541 docet:
2189 3477 2465 3540 »Ferner
2492 3477 2753 3539 werden
2799 3477 2908 3538 die

322 3587 693 3669 Ereignisse
757 3597 943 3651 unter
1004 3589 1128 3652 den
1189 3590 1484 3668 Dreissig
1539 3588 1631 3680 als
1691 3588 1867 3652 nicht
1929 3589 2112 3652 mehr
2172 3590 2288 3650 der
2352 3587 2915 3650 unmittelbarsten

323 3697 860 3779 Vergangenheit
904 3699 1264 3780 angehorig
1311 3697 1662 3761 behandelt
1702 3695 1787 3781 (z.
1824 3699 1974 3780 Bsp.
2016 3716 2089 3761 21
2139 3699 2298 3780 ff.)‹,
2345 3699 2398 3759 F
2403 3696 2761 3777 rohberger
2811 3698 2910 3759 ed.

325 3808 473 3870 mai.
524 3809 550 3869 I
599 3831 658 3892 p.
720 3824 875 3889 177:
946 3811 1086 3872 »die
1133 3809 1503 3889 Ereignisse
1551 3830 1661 3870 zur
1706 3810 1846 3872 Zeit
1893 3810 2009 3871 der
2038 3809 2332 3889 Dreissig
2379 3808 2564 3893 (sind)
2609 3807 2779 3870 noch
2824 3808 2911 3869 im
3018 3853 3029 3858 -

323 3916 700 3980 frischesten
751 3918 1117 3982 Andenken
1165 3921 1234 4002 (ξ
1282 3935 1356 3980 21
1412 3919 1467 3980 ff
1477 3920 1567 4002 )‹.

536 4026 808 4090 Constat
840 4030 1032 4109 igitur
1056 4039 1209 4111 post
1237 4028 1542 4091 Eleusina
1574 4039 2020 4108 recuperatam
2049 4028 2213 4090 hanc
2235 4030 2593 4090 orationem
2619 4027 2914 4091 habitam

324 4155 483 4210 esse,
534 4138 648 4199 sed
697 4137 1013 4200 difficilior
1052 4139 1403 4202 diiudicatu
1450 4148 1548 4199 est
1596 4138 1794 4200 altera
1842 4138 2158 4218 quaestiO,
2210 4139 2294 4200 de
2339 4158 2469 4218 qua
2516 4139 2746 4200 iterum
2795 4139 2914 4200 viri

324 4247 500 4308 docti
549 4247 950 4322 dissentiunt,
1001 4268 1198 4330 quam
1244 4249 1352 4310 diu
1396 4258 1546 4330 post
1591 4247 1813 4310 habita
1858 4249 1955 4309 sit.
2036 4248 2199 4309 Fere
2247 4268 2490 4322 omnes,
2540 4248 2705 4310 inter
2750 4268 2915 4327 quos

321 4366 580 4431 constat
627 4368 781 4439 post
830 4360 1315 4440 expeditionem
1361 4358 1758 4420 Eleusiniam
1807 4379 1948 4420 eam
1989 4358 2284 4421 habitam
2332 4378 2491 4431 esse,
2543 4358 2606 4418 in
2654 4378 2733 4419 eo
2766 4378 2916 4419 con-

319 4467 638 4542 sentiunt,
706 4468 883 4547 quod
939 4487 1070 4530 non
1127 4468 1331 4531 multo
1391 4478 1542 4551 post
1604 4488 1748 4530 eam
1799 4477 2068 4549 ponunt.
2167 4466 2273 4530 Sic
2334 4466 2654 4532 Scheibeo
2711 4467 2809 4531 ed.
2858 4468 2916 4529 II
