3459 5050
1126 1410 1502 1582 Caput
1595 1412 2121 1546 tertium.

532 1677 573 1754 ξ
622 1691 659 1736 2
672 1678 725 1753 5'.
807 1674 1197 1757 Xenophon,
1249 1686 1601 1757 postquam
1649 1697 1767 1749 reS,
1817 1695 1977 1755 quas
2024 1676 2155 1738 iam
2198 1676 2558 1739 accuratius
2603 1678 2935 1753 novimus,⁸

318 1784 619 1857 narravit,
668 1784 966 1864 adiungit
1012 1785 1240 1847 verba:
1299 1781 1430 1850 »ἔτι
1474 1786 1583 1850 καὶ
1627 1794 1751 1850 νῦν
1772 1779 1957 1868 ·ὁμοῦ
1999 1807 2072 1850 τε
2114 1786 2574 1852 πολιτεύονται
2617 1787 2727 1851 καὶ
2777 1800 2918 1864 τοῖς

318 1884 538 1977 ὅρκοις
592 1890 842 1976 ἐμμένει
909 1887 946 1957 ὁ
1004 1895 1265 1980 ὀῆμοςι,
1329 1897 1413 1959 de
1472 1897 1704 1979 quibus
1771 1916 1970 1979 saepe
2038 1896 2173 1959 iam*
2225 1905 2323 1958 est
2377 1897 2782 1976 disputatum
2830 1907 2917 1973 et,

316 2025 486 2088 quae
546 2014 868 2085 quatenus
911 2026 1063 2068 vera
1109 2007 1255 2097 sint,
1307 2008 1503 2070 etiam
1550 2007 1740 2069 nobis
1787 2026 1958 2068 nunc
2006 1998 2106 2068 est
2155 2007 2622 2088 quaerendum.
2719 2008 2918 2071 Dubi-

315 2124 491 2177 tatur
546 2123 799 2189 autem,
864 2117 1125 2195 quando
1188 2117 1428 2196 scripta
1484 2117 1626 2180 sint.
1738 2118 2041 2200 Apparet
2102 2137 2180 2179 ea
2241 2117 2482 2199 scripta
2542 2126 2750 2190 esse,‘
2785 2126 2918 2200 q'uo

317 2235 615 2308 tempore
662 2235 814 2309 post
858 2228 1244 2289 amnestiam
1291 2227 1549 2309 longius
1581 2228 1869 2307 spatium
1903 2227 2310 2289 interiectum
2345 2236 2497 2300 erat,
2536 2245 2667 2307 quo
2700 2235 2920 2291 tamen

317 2335 451 2398 fieri
520 2338 762 2420 potuit,
816 2349 889 2399 ut
951 2344 1180 2399 contra
1240 2337 1627 2400 amnestiam
1674 2337 1974 2399 homines
2021 2336 2086 2399 in
2135 2337 2232 2398 ius
2276 2345 2688 2403 vocarentur.
2783 2336 2915 2401 Sed

318 2467 474 2510 num
536 2456 709 2510 recte
770 2467 852 2508 ex
914 2445 1013 2508 his
1075 2448 1285 2509 causis
1347 2446 1778 2509 Breitenbach
1843 2454 1909 2508 et
1968 2447 2071 2511 alii
2129 2446 2510 2527 collegerint
2557 2466 2634 2509 ea
2677 2448 2917 2530 scripta

314 2578 457 2622 esse
527 2577 656 2618 non
717 2577 913 2639 posse
977 2567 1128 2639 post
1187 2578 1433 2620 annum
1481 2561 1629 2638 387,
1681 2577 1809 2638 ego
1858 2558 2126 2637 quidem
2173 2556 2625 2622 dubitaverim.
2722 2556 2918 2622 Certe

315 2666 469 2730 nihil
506 2668 747 2741 obstat,
799 2668 1149 2749 quominus
1183 2689 1329 2730 cum
1361 2667 1671 2730 Nitscheo
1704 2668 1933 2750 (»iiber
1964 2668 2070 2732 die
2102 2665 2487 2760 Absassung
2532 2688 2664 2731 von
2695 2667 2906 2731 Xeno-

308 2777 522 2858 phons
562 2777 963 2851 Hellenikae,
1013 2798 1067 2840 a.
1131 2782 1315 2860 1871,
1367 2799 1433 2860 p.
1483 2782 1565 2858 38
1615 2779 1790 2861 sqq.)
1838 2780 1922 2840 ad
1969 2781 2208 2842 annum
2248 2781 2379 2857 384
2412 2778 2904 2860 descendamus„

312 2889 692 2971 praesertim
741 2909 889 2950 cum
938 2889 1218 2951 sciamus
1254 2889 1448 2951 etiarn
1481 2908 1654 2951 anno
1690 2892 1813 2966 382
1850 2897 2077 2951 contra
2106 2887 2494 2950 amnestiam
2525 2887 2906 2951 Euandrum

312 3007 684 3061 accusatum
749 3019 908 3071 esse,
975 2999 1057 3062 de
1101 3020 1235 3081 qua
1284 3019 1482 3061 causa
1528 2998 1691 3060 infra
1741 2999 1804 3082 (ξ
1855 2979 2463 3081 32)’όίεεετεηόυηι
2513 2998 2648 3063 erit.
2742 2998 2906 3062 Fere

310 3119 532 3172 autem
596 3108 829 3171 eadem
888 3129 963 3171 ac
1028 3108 1400 3192 Xenophon
1462 3109 1587 3171 hoc
1647 3107 1794 3170 loco
1856 3108 2059 3170 tradit
2122 3108 2440 3170 Isocrates
2500 3106 2715 3170 XVIII
2783 3109 2904 3184 46:

317 3217 574 3303 »ἐπειδὴ
617 3218 685 3283 δὲ
730 3216 850 3293 τὰς
897 3220 1146 3294 πίστεις
1193 3215 1499 3302 ἀλλήλοις
1546 3215 1771 3302 ἔδομεν
1815 3217 1905 3293 εἰς
1950 3213 2200 3283 ταύτὸν
2233 3215 2692 3295 συνελθόντες,
2724 3210 2906 3282 οὕτω

310 3329 529 3403 καλῶς
595 3330 705 3393 καὶ
771 3337 1009 3405 κοινῶς
1085 3328 1589 3411 πολιτευόμεθα,
1668 3322 1888 3412 ὥσπερ
1964 3324 2263 3417 οὐδεμιᾶς
2333 3322 2487 3411 ἡμῖν
2563 3334 2910 3412 συμφορᾶς

311 3440 748 3525 γεγενημένης.
818 3442 926 3505 καὶ
992 3437 1143 3504 τότε
1186 3438 1304 3522 μὲν
1348 3436 1850 3522 ἀμαθεστάτους
1895 3439 2006 3526 καὶ
2051 3436 2613 3520 δυστυχεστάτους
2659 3436 2908 3513 πάντες

309 3546 475 3635 ἡμᾶς
498 3548 817 3634 ἐνόμιζον·
856 3559 979 3614 νῦν
1003 3549 1070 3613 δὲ
1100 3546 1664 3633 εὐδαιμονέστατοι
1695 3549 1804 3613 καὶ
1841 3547 2372 3633 σωφρονέστατα
2407 3555 2545 3612 τῶν
2570 3540 2904 3629 Ἑλλήνων

312 3660 629 3743 δοκοῦμεν
673 3656 899 3734 εἶναιι,
948 3680 1345 3741 quamquam
1393 3644 1523 3722 non
1585 3669 1841 3723 tantum
1907 3660 2008 3722 his
2055 3658 2272 3721 verbis
2318 3658 2741 3720 tribuendum
2788 3666 2907 3731 est,

316 3770 467 3853 quia
513 3771 738 3853 paucis
786 3772 969 3833 annis
1016 3780 1169 3851 post
1200 3771 1583 3833 amnestiam
1620 3771 1950 3833 decretam
1997 3768 2167 3832 hanc
2214 3768 2576 3831 orationem
2619 3766 2916 3829 habitam·
2976 3761 2984 3770 ’

314 3901 459 3944 esse
507 3881 667 3943 infra
714 3882 777 3963 (ξ
830 3883 934 3965 29)
984 3882 1366 3954 videbimuS,
1417 3890 1484 3943 et
1540 3882 1858 3943 Isocrates
1927 3888 2144 3942 orator
2191 3898 2325 3941 rem
2375 3896 2595 3941 veram
2643 3877 2916 3941 fortasse

311 4002 692 4072 exaggerat.
2526 3992 2531 3997 ’

529 4100 779 4182 Quodsi
811 4101 1155 4183 quaeritur,
1205 4121 1362 4164 num
1406 4101 1778 4183 Xenophon
1826 4110 1999 4164 recte
2058 4098 2414 4172 tradiderit,
2476 4096 2721 4159 multae
2767 4106 2918 4160 sunt

311 4232 435 4285 reS,
487 4212 726 4294 quibus
770 4220 1039 4293 apparet
1080 4210 1513 4273 Athenienses
1559 4230 1828 4292 operam
1864 4209 2136 4279 dedisse,
2186 4218 2257 4273 ut
2302 4209 2534 4271 civitas
2593 4208 2762 4271 bene
2825 4229 2916 4270 re·
3028 4217 3034 4224 ’

310 4321 688 4388 stitueretur
733 4330 799 4383 et
845 4342 1052 4384 novae
1084 4320 1449 4383 discordiae
1481 4329 1869 4392 arcerentur,
1919 4338 2089 4403 quae
2129 4339 2167 4381 a
2195 4318 2520 4382 Scheibeo
2553 4336 2755 4400 pagg.
2798 4320 2918 4395 138

311 4452 456 4517 sqq.
526 4431 794 4516 aliisque
842 4439 1140 4494 accurate
1188 4429 1529 4512 expositae
1590 4450 1629 4490 a
1676 4428 1865 4493 nobis
1925 4428 2140 4492 omitti
2187 4438 2480 4512 possunt.
2542 4427 2675 4490 Eas
2722 4427 2916 4501 solas,
