3459 5050
2971 0 3459 267 „N

439 515 620 597 quod
650 514 1028 578 Andocides
1077 515 1312 578 deinde
1355 516 1557 592 affert,
1607 519 1787 602 quod
1833 518 2073 581 iudices
2121 518 2460 619 iurabant:
2518 519 2661 581 »καὶ
2714 512 2793 580 οὐ
2836 533 3051 601 μνησι-

436 624 725 708 κακήσω,
759 623 905 690 οὐδὲ
937 618 1117 708 ἄλλῳ
1149 627 1468 709 πείσοιιαι,
1503 636 1869 711 ψηφιοῦιιαι
1901 627 1968 692 δὲ
1998 612 2170 693 κατὰ
2201 626 2357 703 τοὺς
2401 627 2734 710 κειμένους
2767 625 3045 709 νόιιους(

444 735 786 797 hominum
847 738 931 798 ab
993 738 1309 799 amnestia
1369 738 1779 801 exclusorum
1851 740 2117 802 omnino
2177 739 2349 801 nulla
2406 738 2480 801 fit
2541 739 2803 801 mentio.
2917 716 3052 805 Sed

438 845 746 928 quoniam
796 855 861 907 et
909 846 1131 929 populi
1178 848 1585 909 iureiurando
1633 850 1834 911 semel
1885 850 2039 912 dato
2104 864 2170 912 et
2215 859 2481 912 senatus
2543 849 2802 930 saepius
2860 868 3038 929 repe·

434 955 556 1016 tito
603 965 860 1018 constat
908 955 1120 1031 fuisse,
1172 958 1283 1041 qui
1330 960 1787 1033 eximerentur,
1841 961 1903 1021 in
1950 959 2077 1021 1106
2123 960 2407 1022 iudicum
2445 953 2882 1031 iureiurandO,
2920 956 3053 1018 for-

432 1074 602 1127 tasse
652 1066 801 1148 quia
833 1068 1089 1149 saepius
1137 1067 1490 1144 dicebatur,
1543 1071 1840 1133 homines
1889 1070 1974 1131 ab
2022 1070 2381 1132 amnestiae
2442 1068 2763 1185 beneficio
2827 1068 3043 1130 exclu-

431 1195 541 1237 sos
587 1176 920 1238 brevitatis
964 1197 1159 1239 causa
1204 1181 1586 1261 praeteritos
1636 1202 1778 1261 esse
1825 1190 2124 1263 apertum
2172 1189 2288 1240 est

652 1287 755 1348 Ex
804 1307 883 1348 eo
931 1297 1168 1361 autem,
1218 1290 1396 1373 quod
1445 1290 1672 1352 harum
1719 1291 1914 1352 trium
1963 1289 2369 1352 iurisiurandi
2419 1288 2855 1351 formularum.
2887 1307 3037 1350 una-

435 1418 738 1480 quaeque
783 1418 823 1458 a
870 1397 1182 1478 particula
1225 1401 1334 1463 καί
1383 1401 1622 1482 incipit,
1672 1401 1829 1462 satis
1877 1399 2092 1479 colligi
2141 1409 2360 1480 potest
2407 1419 2538 1460 non
2596 1408 2832 1461 totum«
2872 1397 3036 1458 haec

431 1507 632 1569 verba
679 1527 825 1568 esse
872 1507 1332 1581 iusiurandum,
1399 1510 1516 1571 sed
1575 1512 1711 1573 eius
1775 1520 2029 1593 partem
2094 1518 2207 1571 aut
2265 1518 2629 1570 extremam
2688 1516 2799 1569 aut
2861 1515 3037 1568 certe

435 1630 564 1679 non
632 1619 925 1696 primam.
1036 1617 1125 1680 Ut
1187 1618 1412 1700 populi
1479 1621 1920 1681 iusiurandum
1984 1619 2110 1680 hoc
2171 1618 2315 1681 loco
2388 1619 2744 1690 mittamus,
2819 1617 3036 1690 verba,

431 1748 597 1810 quae
642 1736 941 1788 senatum
991 1729 1299 1791 iuravisse
1349 1729 1726 1791 Andocides
1773 1731 1944 1802 dicit,
1984 1750 2114 1791 non
2165 1738 2263 1791 est
2305 1750 2419 1790 cur
2465 1748 2781 1817 negemus
2826 1746 3042 1789 amne·

430 1837 551 1900 stia
599 1836 860 1898 decreta
906 1836 1157 1916 vulgari
1197 1850 1572 1902 senatorum
1617 1842 2013 1903 iuriiurando
2061 1839 2285 1902 addita
2344 1860 2503 1910 esse,
2560 1840 2673 1901 nisi
2735 1839 2877 1922 quis
2926 1839 3038 1912 eiS,

431 1967 599 2030 quae
647 1948 728 2008 de
775 1948 963 2008 tertia
1009 1945 1284 2009 formula
1332 1947 1606 2008 dicenda
1655 1957 1823 2021 sunt,
1878 1958 2195 2022 movetur,
2248 1959 2318 2010 ut
2366 1951 2563 2012 etiam
2600 1949 2681 2010 de
2725 1948 2825 2010 his
2859 1950 3043 2011 aliter

431 2066 689 2120 statuat.
800 2059 973 2119 Nam
1036 2078 1112 2120 ea
1173 2059 1390 2132 verba,
1473 2077 1639 2141 quae
1711 2058 1957 2121 iudices
2023 2061 2331 2122 iuravisse
2402 2060 2721 2133 dicuntur,
2798 2059 3046 2139 vulgari

433 2167 716 2228 iudicum
783 2169 1176 2230 iuriiurando
1224 2168 1445 2231 addita
1491 2189 1621 2231 non
1691 2188 1833 2230 esse
1881 2190 1965 2230 ex
2024 2172 2115 2231 eis
2178 2171 2424 2239 elucet,
2492 2190 2660 2253 quae
2735 2170 3049 2230 Isocrates

428 2277 640 2347 XVIII
676 2293 762 2356 34
794 2278 977 2343 dicit:
1022 2279 1205 2362 »περὶ
1237 2278 1481 2362 ταύτης
1512 2281 1650 2363 (τῆς
1682 2279 1891 2363 δίκης)
1925 2279 2042 2342 δύο
2074 2257 2314 2363 ὅρκους
2340 2272 2695 2363 ὀμόσαντες
2729 2277 3045 2361 δικάζετε,

429 2385 550 2450 τὸν
590 2387 725 2468 μὲν,
778 2379 982 2472 ὅνπερ
1029 2385 1135 2451 ἐπὶ
1182 2401 1325 2463 ταῖς
1371 2381 1595 2463 ἄλλαις
1624 2386 1904 2466 εἴθισθε,
1949 2387 2072 2453 τὸν
2119 2386 2173 2454 (5‘
2207 2383 2284 2454 ὃν
2329 2389 2436 2454 ἐπὶ
2497 2403 2638 2464 ταῖς
2683 2389 3048 2472 συνθήκαις

428 2494 916 2583 ἐποιήσασθε.<<.
984 2497 1170 2579 Quae
1217 2500 1416 2561 verba
1440 2474 1906 2562 ‘demonstrare
1950 2501 2246 2564 videntur
2292 2502 2374 2564 de
2419 2523 2582 2584 pace
2623 2510 2689 2564 et
2731 2500 3049 2563 amnestia

428 2608 742 2670 servanda
793 2609 1232 2670 iusiurandum
1277 2611 1611 2692 proprium
1655 2632 1692 2673 a
1743 2611 2058 2674 iudicibus
2106 2613 2350 2674 dictum
2398 2632 2557 2685 esse,
2608 2613 2787 2674 cuius
2847 2611 3046 2673 verba

429 2728 718 2780 extrema
753 2718 1133 2783 Andocides
1164 2720 1519 2793 tradiderit,
1559 2721 1738 2803 quod
1774 2730 1837 2782 et
1862 2721 2071 2803 ipsum
2098 2723 2389 2784 continet
2411 2722 2609 2783 verba
2642 2723 3044 2804 »ψηφιοῦμαι

429 2826 600 2892 κατὰ
648 2829 803 2904 τοὺς
851 2830 1182 2913 κειμένους
1229 2830 1534 2913 νόμουςι.
1596 2853 1766 2914 quae
1819 2832 2065 2892 initium
2116 2841 2181 2893 et
2230 2851 2558 2893 summum
2589 2841 3044 2911 argumentum

433 2948 618 3000 erant
686 2941 969 3020 vulgaris
1040 2943 1321 3004 iudicum
1394 2943 1814 3012 iurisiurandi,
1890 2950 1962 3002 ut
2032 2951 2355 3003 testantur
2426 2941 2656 3022 Lysias
2725 2941 2907 3003 XXII
2982 2955 3038 3020 7,

429 3049 788 3114 Aeschines
840 3052 925 3113 III
973 3053 1032 3125 6,
1084 3052 1318 3114 Pollux
1363 3052 1515 3114 VIII
1572 3069 1711 3123 122,
1767 3052 2208 3113 iusiurandum
2276 3052 2566 3134 spurium
2633 3050 2810 3135 quod
2875 3052 3043 3113 inve-

443 3160 615 3221 nitur
659 3163 833 3239 apud
881 3161 1390 3224 Demosthenem
1442 3161 1587 3226 adv.
1637 3162 1810 3223 Tim,
1867 3176 2230 3241 149—151.

647 3274 686 3350 ἓ
739 3287 793 3351 7.
891 3272 1165 3334 Restant
1210 3271 1392 3334 multi
1442 3281 1506 3333 et
1536 3272 1769 3351 singuli
1803 3281 2136 3334 oratorum
2170 3282 2235 3334 et
2267 3271 2537 3333 aliorum
2573 3273 2716 3347 loci,
2755 3291 3037 3357 quorum

430 3381 785 3441 maximum
821 3402 1178 3471 numerum,
1216 3383 1365 3464 quia
1397 3382 1722 3463 capitibus
1755 3383 2175 3465 sequentibus
2220 3401 2447 3443 omnes
2480 3391 2666 3443 erunt
2697 3382 3035 3454 tractandi,

431 3489 559 3551 hoc
608 3490 753 3551 1060
803 3493 1072 3553 missum
1120 3492 1305 3565 faci0,
1357 3512 1468 3553 eos
1519 3501 1740 3553 autem
1806 3492 1957 3553 nolo
2021 3493 2385 3573 praeterire,
2462 3494 2570 3575 qui
2631 3513 2760 3554 non
2825 3490 3039 3554 solum

430 3618 524 3672 ea,
578 3621 745 3684 quae
794 3622 829 3662 e
860 3603 1285 3683 scriptoribus
1317 3602 1532 3664 adhuc
1564 3602 1958 3682 collegimuS,
1995 3601 2335 3675 affirmant,
2369 3604 2485 3664 sed
2518 3602 2761 3685 aliquid
2795 3621 3036 3664 novum

433 3712 515 3771 ad
567 3729 644 3772 ea
687 3711 953 3773 addunt.

646 3822 962 3884 Pausania
1008 3833 1271 3885 auctore
1317 3823 1593 3903 legimus
1639 3824 1798 3885 duas
1864 3821 2361 3885 Atheniensium
2424 3822 2735 3885 factiones
2798 3841 3032 3905 pacem

428 3930 673 4005 fecisse,
755 3932 935 3994 cuius
1002 3952 1287 3994 summas
1355 3934 1770 3996 condiciones
1839 3934 2155 4000 novimus,
2229 3923 2233 3934 ’
2284 3933 2619 4005 Attamen,
2697 3934 2851 4017 quia
2922 3954 3019 4007 ea,

429 4060 594 4124 quae
641 4041 1138 4105 Lacedaemonii
1184 4063 1346 4121 pace
1395 4042 1562 4105 facta
1623 4065 1795 4107 anno
1852 4063 1985 4122 404
2047 4044 2472 4116 instituerant,
2539 4044 2799 4105 turbata
2854 4048 3037 4103 erant

428 4152 879 4233 exercitusque
925 4152 1593 4215 Lacedaemoniorum
1636 4154 1723 4215 ad
1772 4175 2004 4235 pacem
2053 4153 2520 4217 restituendam
2569 4154 3021 4225 intervenerat,

427 4263 554 4323 iam
604 4263 943 4325 verisimile
992 4273 1088 4326 est
1136 4283 1263 4325 non
1312 4263 1520 4325 solum
1571 4264 1827 4328 exsules
1873 4284 2022 4325 cum
2086 4264 2346 4325 urbanis
2406 4273 2636 4343 pactos
2699 4282 2859 4336 esse,
2912 4264 3028 4324 sed

431 4374 626 4434 etiam
673 4382 983 4457 utrosque
1028 4393 1172 4436 cum
1219 4373 1776 4448 LacedaemoniiS,
1830 4382 2026 4457 atque
2073 4383 2392 4436 testantur
2440 4374 2754 4435 Isocrates
2815 4371 3029 4435 XVIII

430 4499 514 4561 29
558 4493 624 4544 et
671 4483 901 4564 Lysias
947 4482 1159 4545 XVIII
1213 4496 1282 4561 15
1337 4494 1400 4545 et
1462 4484 1913 4562 Pseudolysias
1988 4483 2080 4545 VI
2146 4487 2297 4562 38---
2319 4501 2424 4561 40.
2533 4483 2791 4563 Quibus
2848 4482 3026 4554 lociS,

2544 4598 2606 4647 203³·

1721 323 1799 385 19
