3459 5050
1813 243 1897 305 62

550 459 784 544 quibus
817 458 1099 521 maxime
1133 464 1401 541 apparet
1432 457 1604 519 cives
1638 456 1937 538 religiose
1985 475 2219 538 pacem
2254 465 2319 518 et
2350 457 2736 519 amnestiam
2770 446 3148 547 servavisse,

548 579 614 632 et
659 590 791 643 eaS,
842 569 1078 649 quibus
1124 587 1270 629 eam
1315 566 1573 629 laesisse
1620 567 1823 630 videri
1868 575 2163 646 possunt,
2211 565 2492 630 breviter
2540 567 2822 631 afferam.

763 680 916 761 Quo
974 678 1360 744 concordiae
1420 677 1636 740 studio
1705 676 2053 759 populares
2116 677 2351 739 reversi
2401 676 2576 740 ducti
2624 678 2767 751 sint,
2838 678 3156 757 imprimis

551 811 636 853 ex
685 811 765 854 eo
812 800 1104 873 apparet,
1157 789 1336 873 quod
1383 796 1645 850 centurn
1693 784 1954 859 talenta,
2006 806 2173 867 quae
2223 786 2569 849 decemviri
2630 776 2854 850 urbani
2901 789 2987 850 ad
3033 809 3151 850 eos

552 901 728 986 ipsos
789 899 1258 982 opprimendos
1306 900 1389 961 ab
1436 895 1976 961 Lacedaemoniis
2037 896 2310 958 mutuati
2370 905 2570 971 erant,
2632 906 2809 960 totus
2872 898 3152 981 populus

552 1004 997 1074 reconciliatus
1040 1030 1230 1073 suum
1274 1008 1520 1072 habuit.
1548 1028 1659 1070 aes
1707 1007 1983 1071 alienum
2036 1016 2101 1070 et
2146 1006 2358 1080 solvit,
2410 1017 2480 1069 ut
2526 1017 2786 1073 narrant
2832 1009 3148 1071 isocrates

551 1121 673 1185 VII
720 1123 806 1184 68
852 1130 918 1184 et
979 1120 1461 1183 Demosthenes
1506 1118 1630 1180 XX
1700 1134 1768 1179 11
1827 1127 1892 1180 et
1947 1134 2044 1184 12.
2139 1117 2383 1197 Magna
2440 1119 2702 1200 negotia
2764 1121 3150 1182 exstiterunt

552 1254 589 1295 e
638 1232 830 1294 rebus
901 1230 1313 1293 familiaribus
1382 1228 1816 1303 restituendiS,
1891 1228 2046 1312 quia
2115 1236 2385 1307 propter
2458 1228 2845 1291 amnestiam
2910 1229 2987 1302 ei,
3040 1231 3150 1310 qui

551 1341 891 1404 anarchiae
949 1349 1246 1424 tempore
1285 1341 1461 1402 bona
1500 1348 2000 1421 occupaverant,
2052 1338 2144 1399 eis
2210 1338 2444 1420 privari
2497 1359 2628 1400 non
2689 1348 2992 1422 poterant
3046 1339 3148 1421 (cs.

551 1452 757 1515 Meier
809 1449 929 1513 »de
961 1452 1152 1514 bonis
1184 1450 1433 1528 damm·
1492 1469 1558 1530 p.
1596 1451 1766 1532 231),
1818 1456 2104 1511 attamen
2153 1447 2503 1529 populares
2549 1448 2616 1509 id
2660 1450 3031 1524 studebant,
3083 1459 3155 1512 ut

552 1583 670 1625 sua
705 1563 1006 1645 'quisque
1064 1568 1537 1640 recuperarent.
1631 1559 1848 1640 Quam
1907 1558 1995 1621 ob
2057 1578 2193 1620 rem
2245 1558 2663 1640 magistratus
2724 1559 2918 1622 creati
2977 1569 3143 1634 sunt,

554 1670 844 1737 σύνδικοι
892 1679 959 1734 et
1006 1674 1356 1753 συλλογεῑς,
1407 1671 1518 1754 qui
1562 1669 1725 1732 haec
1771 1669 2316 1741 administrarent,
2367 1677 2563 1752 atque
2609 1647 2884 1743 exsuleS,
2933 1671 3150 1733 etiam·

552 1782 606 1844 si
654 1781 884 1843 eadem
933 1781 1126 1856 bona,
1191 1788 1359 1864 quae
1415 1789 1608 1843 antea
1655 1780 1749 1844 eis
1798 1777 2069 1852 fuerant,
2150 1779 2434 1860 recipere
2483 1798 2613 1841 non
2659 1787 2980 1859 poterant,
3031 1780 3154 1842 alia

553 1896 964 1971 acceperunt,
1015 1892 1254 1973 quibus
1299 1910 1524 1954 eorum
1570 1891 1885 1953 damnum
1933 1889 2269 1960 levaretur,
2319 1897 2389 1950 ut
2451 1889 2726 1969 exponit
2772 1889 3146 1952 Alcibiades

556 1998 732 2082 apud
781 2002 1133 2064 Isocratem
1176 1999 1332 2064 XVI
1377 2001 1484 2079 46.
1579 2000 1830 2064 Omnes
1876 1999 2067 2073 civeS,
2117 1999 2466 2080 optimates
2514 2008 2579 2061 et
2625 1999 2995 2081 populares,
3044 2021 3150 2062 un-

459 2130 462 2131 ’
556 2112 853 2175 animiter
883 2111 1260 2173 muneribus
1308 2109 1507 2173 functi
1555 2119 1722 2184 sunt,
1760 2129 2161 2194 quamquam
2204 2119 2710 2173 consentaneum
2745 2117 2844 2171 est
2878 2111 3148 2183 exsuleS,

556 2242 723 2303 quae
768 2241 923 2304 pars
968 2220 1173 2283 maior
1221 2229 1374 2294 erat,
1421 2220 1739 2303 imprimis
1786 2240 1821 2281 e
1867 2220 1996 2281 suis
2044 2219 2460 2299 magistratus
2491 2219 2830 2285 creavisse.
2881 2219 3150 2283 Incredi-

556 2330 686 2394 bile
730 2339 904 2393 certe
949 2339 1068 2404 est,
1120 2330 1301 2414 quod
1348 2329 1626 2409 Scheibe
1670 2329 1707 2392 l.
1757 2329 1795 2396 l.
1846 2350 1911 2410 p.
1970 2333 2088 2405 148
2139 2328 2350 2404 docet,
2399 2329 2628 2408 viginti
2675 2329 2866 2400 virOS,
2918 2327 3156 2411 quibus

557 2440 921 2526 respublica
966 2439 1476 2502 administranda
1536 2441 1843 2503 mandata
1891 2448 2006 2512 est,
2069 2440 2276 2500 donec
2344 2439 2525 2519 leges
2572 2458 2872 2501 recensae
2920 2447 3151 2511 essent,

559 2572 664 2618 ex,
690 2551 1112 2633 optimatibus
1160 2550 1400 2613 electos
1468 2571 1628 2625 esse,
1677 2570 1890 2631 neque
1957 2551 2321 2632 putaverim
2387 2570 2426 2611 a
2483 2550 2742 2612 Polluce
2788 2549 2939 2611 V111
2996 2566 3151 2615 112:

566 2661 880 2736 »τούτους
926 2659 1103 2741 (τοὺς
1147 2659 1370 2749 εἴκοσι)
1419 2656 1672 2726 εἵλοντο
1716 2658 1881 2743 μετὰ
1913 2658 2070 2735 τοὺς
2103 2659 2459 2744 τριάκοντα
2504 2661 2626 2745 τῆς
2672 2660 3004 2734 πολιτείας
3047 2660 3155 2724 καὶ

558 2778 698 2837 τῶν
742 2768 967 2853 νόμων
1010 2768 1421 2853 ἐπιμελητάς,
1470 2767 1987 2854 ἀριστίνδην
2031 2766 2511 2853 ἐπιλεξάμενοκ<
2565 2767 2733 2831 hanc
2765 2769 3155 2832 sententiam

561 2879 873 2960 exhiberi,
936 2900 1087 2941 nam
1144 2876 1524 2964 ἀριστίνδην
1584 2899 1715 2942 non
1778 2900 2038 2961 semper
2095 2890 2225 2945 est:
2303 2900 2443 2941 ›ex-
2487 2879 2975 2959 optimatibus«,
3040 2879 3156 2941 sed

562 2992 790 3053 etiam:
854 3009 939 3051 ex
983 2990 1270 3071 optimiS,
1320 2989 1452 3071 vel:
1503 3009 1624 3072 pro
1665 2989 2005 3051 hominum
2071 2989 2326 3054 virtute.
2419 2989 2493 3050 In
2555 2988 2809 3069 legibus
2872 2999 3013 3051 tum
3061 3009 3152 3050 re-

559 3100 770 3163 censis
828 3107 898 3160 et
948 3099 1211 3161 mutatis
1256 3100 1615 3161 amnestiae
1691 3100 2010 3162 rationem
2070 3099 2363 3161 habitam
2434 3120 2575 3161 esse
2639 3109 2912 3163 testatur
2961 3101 3153 3163 Isocr.

561 3205 775 3269 XVIII
823 3221 922 3269 21.
1019 3208 1318 3273 Dubitari
1366 3218 1585 3271 autem
1630 3209 1798 3283 licet,
1851 3229 2006 3271 num
2051 3209 2242 3291 plane
2289 3209 2725 3273 Athenienses
2772 3211 3156 3273 amnestiam

561 3317 975 3391 servaverint,
1040 3337 1187 3379 cum
1245 3318 1569 3402 equitibus
1630 3318 1755 3402 τὴν
1814 3318 2237 3392 κατάστασιν,
2302 3338 2468 3398 quae
2527 3321 2684 3400 quid
2745 3321 2827 3384 sit
2888 3321 3159 3402 exponit

563 3425 844 3489 Scheibe
877 3446 952 3507 p.
1010 3440 1124 3506 145
1176 3449 1293 3510 sq„
1340 3427 1445 3510 (cf.
1494 3448 1591 3502 ea,
1642 3448 1810 3512 quae
1858 3429 2132 3507 exponit
2165 3427 2432 3511 Sauppe
2466 3431 2528 3491 in
2569 3429 2986 3511 »philologo«
3031 3431 3158 3493 XV

562 3535 847 3619 69—76)
910 3537 1288 3611 adimerent,
1349 3557 1752 3621 quamquam
1811 3558 1909 3612 e0,
1974 3538 2154 3619 quod
2216 3548 2462 3622 postea,
2528 3547 2599 3601 ut
2660 3540 2824 3614 Xen.
2875 3540 3017 3603 hell.
3069 3541 3155 3602 111

571 3661 672 3721 1,4
735 3645 953 3719 tradit,
1015 3646 1356 3709 nonnullos
1416 3667 1642 3710 eorum
1697 3646 2017 3710 Thibroni
2073 3649 2314 3711 auxilio
2379 3649 2710 3725 miserunt,
2775 3651 3156 3713 amnestiam

562 3774 693 3817 non
737 3754 1075 3827 laeserunt,
1129 3758 1439 3839 quoniam
1485 3756 1798 3839 puniendi
1844 3777 2038 3820 causa
2098 3779 2212 3820 eos
2275 3778 2404 3820 non
2470 3760 2796 3835 miserunt,
2863 3763 3158 3845 quamvis

561 3874 881 3944 optarent,
934 3873 1005 3927 ut
1051 3865 1156 3928 illa
1203 3866 1621 3947 expeditione
1667 3868 1965 3950 perirent.
2061 3868 2291 3948 Neque
2356 3870 2566 3949 magis
2611 3872 2927 3934 amnestia
2985 3871 3158 3934 laesa

563 3982 663 4035 est
711 3973 999 4038 Socratis
1042 3976 1387 4057 supplicio,
1441 3985 1511 4037 ut
1554 3976 1921 4057 Hertzberg
1964 3976 2001 4037 1.
2053 3977 2088 4038 l.
2141 3999 2205 4059 p.
2254 3994 2371 4059 371
2429 3988 2656 4063 putare
2717 3980 2973 4044 videtur
3033 3981 3157 4043 alii·

563 4104 692 4166 que
748 4092 1155 4165 putaverunt.
1247 4086 1418 4147 Nam
1484 4085 1786 4149 Socrates
1845 4106 1975 4148 non
2042 4088 2267 4150 mortis
2326 4088 2670 4152 damnatus
2728 4099 2829 4153 est
2889 4102 3157 4174 propter

560 4213 657 4267 ea,
705 4213 874 4275 quae
937 4195 1275 4258 anarchiae
1345 4204 1644 4278 tempore
1705 4197 2144 4270 commiserat,
2209 4198 2327 4260 sed
2390 4200 2540 4279 quia
2595 4209 2820 4262 contra
2885 4202 3158 4263 civitatis

562 4302 741 4383 leges
788 4312 854 4366 et
884 4304 1175 4366 instituta
1209 4303 1421 4368 facere
1452 4306 1794 4388 pergebat,
1848 4314 1919 4368 ut
1947 4307 2002 4369 F
2005 4307 2459 4371 orchhammer
2509 4308 2652 4371 »die
2684 4309 2977 4372 Athener
3025 4312 3154 4373 und
