3459 5050
1833 298 1913 389 56

563 531 723 585 vero
785 514 966 585 haec.
1016 522 1216 585 verba
1278 522 1361 585 de
1424 542 1589 603 pace
1633 523 1947 587 Pausania
2008 532 2276 586 auctore
2324 520 2494 584 facta
2539 517 3006 603 intellegantur,
3059 519 3173 585 ob·

561 641 741 696 stant
784 634 1005 706 verba,
1058 652 1225 713 quae
1292 633 1715 710 antecedunt,
1783 635 2019 716 quibus
2089 643 2388 715 apertum
2439 640 2538 695 est
2581 631 2750 695 hanc
2795 633 3172 714 pactionem

563 734 800 806 factam
848 763 991 805 esse
1036 753 1188 824 post
1231 743 1453 825 populi
1505 744 1804 809 reditum.
1901 745 2104 806 Recte
2148 753 2371 806 autem
2418 752 2483 805 et
2528 742 2657 804 hoc
2701 742 2850 805 loco
2895 752 2960 804 et
3005 742 3164 815 aliis,
3214 798 3221 803 .

562 862 633 914 ut
680 852 833 934 Lys.
882 853 1031 916 XIII
1065 855 1149 916 88
1195 873 1313 934 sq..
1366 853 1530 916 haec
1575 854 1796 936 pactio
1841 854 2007 916 inter
2055 853 2311 916 exsules
2359 862 2426 916 et
2473 853 2757 915 urbanos
2806 852 2977 914 facta
3023 872 3168 914 esse

564 962 813 1036 dicitur,
861 963 1202 1026 Eleusiniis
1248 982 1376 1025 non
1442 963 1808 1028 nominatis,
1905 963 2075 1026 Nam
2136 983 2254 1046 per
2316 963 2662 1043 plurimum
2727 973 2986 1047 tempus
3046 962 3170 1024 hae

564 1070 732 1136 duae
778 1073 1051 1136 civitatis
1099 1072 1352 1135 fuerant
1397 1072 1740 1146 sactioneS,
1803 1083 2036 1154 postea
2099 1074 2324 1136 urbani
2374 1073 2645 1136 induas
2689 1083 2911 1155 partes
2958 1092 3162 1134 seces-

564 1192 810 1256 serant,
875 1202 1147 1263 quarum
1209 1184 1411 1246 altera
1458 1182 1741 1246 Athenis
1802 1193 2216 1257 remanserat,
2285 1184 2487 1247 altera
2545 1184 2851 1246 Eleusina
2896 1203 2966 1244 se
3014 1203 3163 1245 con·

561 1293 809 1358 tulerat.
891 1293 1042 1374 Qua
1087 1294 1247 1355 urbe
1296 1302 1558 1372 recepta
1606 1294 1685 1366 ei,
1736 1293 1843 1373 qui
1877 1293 1963 1355 ibi
1996 1293 2267 1368 fuerant,
2319 1295 2616 1357 Athenas
2649 1294 2886 1356 reversi
2934 1294 3166 1356 iterum

566 1402 832 1465 urbanis
878 1403 1350 1467 annumerandi
1395 1413 1595 1477 erant,
1646 1412 1712 1465 et
1758 1403 1927 1465 hanc
1976 1404 2062 1465 ob
2112 1423 2243 1465 rem
2294 1401 2383 1475 fit,
2437 1411 2508 1463 ut
2541 1402 2657 1463 diu
2693 1411 2842 1484 post
2875 1410 3166 1463 oratores

565 1512 647 1574 de
694 1513 948 1577 duabus
992 1513 1399 1587 factionibus„
1451 1513 1780 1575 exsulibus
1812 1525 1877 1575 et
1918 1514 2198 1587 urbanis,
2244 1513 2609 1592 loquantur,
2662 1531 2792 1573 non
2826 1512 2909 1572 de
2939 1511 3163 1576 tribuS.

563 1621 793 1703 Neque
839 1625 1131 1706 oportuit
1193 1624 1556 1686 Eleusinios
1611 1644 1650 1685 a
1733 1623 1963 1685 ceteris
2025 1623 2285 1687 urbanis
2357 1622 2645 1702 seiungi,
2714 1621 2864 1700 quia
2921 1640 3033 1681 eas
3078 1620 3163 1681 in-

564 1733 780 1808 iuriaS,
832 1754 1001 1815 qua-e
1047 1734 1356 1798 oblivioni
1406 1734 1659 1796 dandae
1706 1743 1923 1807 erant,
1990 1742 2055 1796 et
2116 1734 2235 1814 ipsi
2287 1742 2356 1795 ut
2406 1732 2632 1794 urbani
2681 1730 3162 1793 commiserant.

674 1825 676 1827 ¹
778 1843 942 1906 Cum
1011 1843 1139 1907 hoc
1207 1845 1500 1926 Dionysii
1574 1844 1720 1907 loco
1792 1842 2070 1906 Grosser
2137 1863 2201 1923 p.
2266 1855 2344 1922 35
2417 1861 2494 1904 ea
2553 1836 2934 1924 comparat,
2999 1859 3163 1920 quae

564 1952 948 2018 scholiastes
972 1956 1057 2017 ad
1082 1955 1543 2037 Aristophanis
1566 1953 1727 2016 Pluti
1769 1974 1995 2015 versus
2030 1954 2195 2030 1146
2232 1952 2462 2015 verba:
2499 1950 2622 2035 »μὴ
2643 1950 3146 2035 μνησικακήσῃς,

564 2061 619 2126 εἰ
667 2062 746 2126 σὺ
804 2063 1034 2148 Φυλὴν
1078 2064 1466 2144 κατέλαβες<<
1520 2073 1824 2128 annotat:
1891 2057 2030 2127 »ὅτι
2075 2060 2239 2145 μετὰ
2281 2061 2362 2127 τὸ
2406 2065 2758 2127 κατελθεῖν
2800 2058 2958 2135 τοὺς
3001 2056 3164 2143 μετὰ

572 2173 1041 2256 Θρασυβούλου
1114 2173 1344 2258 Φυλὴν
1404 2171 1911 2252 καταλαβόντας
1974 2173 2081 2237 καὶ
2130 2171 2533 2256 νικήσαντας
2575 2169 2605 2235 ἐ
2667 2174 2960 2254 Πειραιεῖ
3011 2167 3166 2244 τοὺς

565 2281 925 2366 τριάκοντα
993 2286 1448 2369 ψηφίσασθαι·
1482 2279 1656 2378 ἔδοξε
1721 2283 1810 2367 μὴ
1876 2286 2350 2368 μνησικακῆσαι
2448 2278 2756 2366 ἀλλήλοις
2843 2279 3161 2362 καθάπαξ,

564 2391 722 2467 τοὺς
777 2394 1115 2468 πολίταςι.
1210 2394 1426 2457 Etiam
1486 2394 1649 2456 haec
1713 2394 1913 2456 verba
1979 2395 2039 2456 ei
2100 2395 2543 2457 demonstrare
2602 2391 2902 2454 videntur
2947 2390 3163 2454 statim

568 2513 720 2583 post
785 2493 1095 2579 reditum,
1174 2505 1426 2587 ›gleich
1489 2504 1653 2582 nach
1720 2505 1839 2566 der
1896 2503 2283 2567 Ru'ckkehr«
2312 2552 2326 2578 ,
2387 2503 2772 2566 amnestiam
2839 2503 3162 2565 decretam

567 2634 729 2693 esse..
767 2659 770 2663 -
809 2612 941 2677 Sed
990 2616 1194 2694 etiam
1234 2616 1360 2679 hoc
1407 2616 1552 2678 loco
1603 2615 2017 2677 manifestum
2065 2623 2163 2677 est
2211 2615 2388 2676 vocis
2441 2613 2730 2695 »gleich‹
2779 2613 3164 2676 sententiam

567 2742 719 2785 eum
766 2744 804 2785 e
851 2725 983 2787 suis
1030 2726 1394 2798 addidisse,
1448 2745 1579 2787 non
1636 2725 1846 2806 magis
1895 2725 2109 2787 verbis
2163 2721 2362 2806 »μετὰ
2407 2722 2487 2788 τὸ
2529 2714 2917 2796 κατελθεῖν(
2970 2742 3162 2803 quam

566 2832 907 2915 participio
982 2833 1498 2910 »κατελθόντεςι
1562 2834 1806 2896 nullum
1869 2844 2128 2918 tempus
2186 2834 2622 2897 intermissum
2690 2854 2835 2897 esse
2904 2834 3161 2895 demon-

564 2951 822 3009 stratur.
903 2944 996 3005 At
1033 2963 1161 3024 ego
1209 2944 1590 3007 crediderim
1639 2945 1702 3006 in
1750 2945 1871 3007 hac
1915 2966 1984 3007 re
2030 2946 2417 3025 quaesitiore
2462 2943 2847 3006 scholiastae
2893 2943 3156 3014 omnino

566 3070 697 3113 non
744 3051 1019 3113 multum
1066 3054 1468 3117 auctoritatis
1500 3054 1914 3118 tribuendum
1959 3075 2119 3129 esse,
2169 3055 2304 3127 sed,
2354 3054 2663 3135 quoniam
2704 3051 2980 3116 Grosser
3026 3070 3155 3113 om-

567 3160 757 3222 nibus
806 3159 1092 3224 fontibus
1139 3164 1415 3226 eandem
1455 3166 1911 3227 auctoritatem
1955 3165 2239 3228 tribuere
2283 3165 2565 3237 videtur,
2618 3163 2963 3243 neglegere
3011 3160 3158 3224 nolo

565 3269 729 3332 alius
796 3270 1187 3334 scholiastae
1233 3273 1314 3335 ad
1378 3275 1658 3336 eundem
1717 3274 1933 3337 locum
1998 3275 2522 3346 annotationem,
2587 3293 2786 3354 quam
2831 3274 2973 3352 ipse
3018 3290 3158 3351 pru·

567 3380 795 3442 denter
861 3382 1117 3457 omisit,
1192 3403 1320 3464 qua
1391 3384 1529 3445 eius
1597 3386 1916 3446 sententia
1984 3384 2161 3446 haud
2233 3383 2429 3446 dubie
2497 3403 2762 3464 prorsus
2830 3381 3150 3444 refutatur.

553 3485 744 3551 'Dicit
806 3491 976 3552 enirn
1042 3491 1143 3554 ille
1204 3493 1368 3556 inter
1423 3494 1546 3555 alia
1605 3493 1798 3556 haec:
1880 3490 2089 3557 »ἀλλὰ
2154 3490 2616 3578 Θρασύβουλός
2676 3515 2777 3566 τις
2822 3487 3157 3576 Ἀθηναῖος

568 3596 965 3683 φιλόπατρις
986 3602 1096 3664 καὶ
1118 3602 1589 3686 μισοτύραννος
1628 3603 1858 3688 Φυλὴν
1887 3604 2221 3683 κατέλαβε,
2253 3604 2498 3688 χωρίον
2528 3604 2645 3688 τῆς
2657 3599 2966 3688 Ἀττικῆς,
2997 3597 3158 3685 μετὰ

570 3704 981 3782 ὀκτακοσίων
1027 3707 1440 3795 ἀνδρῶνκαὶ
1490 3711 1840 3796 συμβαλὼν
1884 3726 2022 3788 τοῖς
2067 3713 2427 3798 τριάκοντα
2468 3715 2578 3777 καὶ
2608 3707 2746 3788 τοῖς
2773 3708 2912 3795 μετ’
2941 3708 3161 3777 αὐτῶν

571 3820 724 3906 νικᾷ
767 3840 839 3883 τε
883 3816 1126 3896 αὐτοὺς
1171 3822 1280 3885 καὶ
1327 3822 1450 3905 τὴν
1508 3822 1707 3886 πόλιν
1763 3826 1881 3909 τῆς
1937 3824 2322 3909 τυραννίδος
2387 3822 2859 3907 ἠλευθέρωσεν.
2914 3818 3053 3885 ἐπεὶ
3098 3818 3162 3884 δὲ

457 4003 464 4008 ⁴
566 3920 735 4010 ἦσάν
790 3951 963 4005 τινες
1014 3928 1088 3994 ἐν
1144 3934 1228 4022 τῇ
1291 3930 1511 4008 πόλει,
1582 3932 1751 4017 πρὸς
1793 3930 1908 4008 οὓς
1945 3933 2260 4018 ἐφέροντο
2304 3937 2522 4008 καλῶς
2564 3930 2625 3997 οἱ
2670 3932 3003 4017 τύραννοι,
3052 3923 3160 3995 ὅτε

565 4030 785 4121 ἦρχον,
833 4028 1013 4105 οὗτοι
1060 4040 1218 4115 τούς
1262 4037 1606 4125 ἀναιρέτας
1636 4050 1776 4107 τῶν
1806 4044 2162 4128 τυράννων
2193 4042 2489 4120 δεδιότες,
2537 4038 2730 4127 ἡνίκα
2769 4043 2900 4107 τινὶ
2943 4037 3164 4106 αὐτῶν

573 4148 1081 4231 συναντήσειαν,
1144 4146 1367 4234 ἔλεγον
1416 4173 1427 4186 ·
1470 4151 1558 4235 μὴ
1601 4153 2119 4237 μνησικακήσῃς,
2182 4153 2236 4218 εἰ
2284 4153 2373 4218 σὺ
2420 4151 2650 4236 Φυλὴν
2693 4152 3061 4229 κατέλαβες·
3107 4144 3163 4212 ὅ·

519 4270 547 4334 Δ·
569 4258 698 4319 θεν.
736 4258 847 4320 καὶ
906 4258 1213 4342 ψήφισμα
1270 4256 1509 4325 ἔθεντο
1561 4258 1888 4345 ἀλλήλους
1944 4262 2032 4347 μὴ
2090 4275 2511 4347 μνησικακεῖν
2556 4258 2916 4327 Εὐκλείδου
2977 4260 3166 4345 δημα-

472 4354 510 4361 ”
569 4365 1053 4448 γωγήσαντοςι,
1128 4369 1363 4434 Nonne
1406 4372 1812 4453 apertissime
1857 4373 1956 4434 his
2001 4369 2214 4435 verbis
2258 4374 2546 4437 ostendit
2589 4372 2966 4434 scholiastes
3012 4390 3165 4433 non-

570 4474 744 4537 nullo
806 4485 1106 4556 tempore
1169 4490 1324 4570 post
1383 4481 1659 4544 reditum
1732 4482 2093 4545 intermisso
2165 4485 2546 4546 amnestiam
2610 4483 2936 4544 decretam
3000 4501 3163 4554 esse,
