3459 5050
1 0 524 428 s
724 346 735 357 ¹
1126 306 1133 314 ⁶
1784 331 1860 392 16

504 551 570 602 et
639 541 1049 604 iureiurando
1119 553 1413 606 sanctam
1482 560 1648 610 esse.
1759 545 1944 607 Hanc
1991 555 2211 607 autem
2272 556 2424 627 post
2485 546 2788 609 Eleusina
2845 568 3104 630 recupe-

503 661 728 723 ratam,
811 673 960 715 cum
1020 674 1248 715 omnes
1313 653 1628 716 factiones
1694 655 1755 715 in
1817 675 2013 717 unam
2072 656 2400 718 civitatem
2483 658 2799 720 redissent
2872 667 2938 719 et
2997 679 3103 738 pa-

502 781 643 824 cem
705 763 870 824 inter
931 783 1000 824 se
1064 764 1510 837 restituissent,
1585 765 1913 827 decretam
1972 787 2115 827 esse
2165 767 2442 828 lustinus
2491 788 2754 849 quoque
2802 769 3013 830 docet.

716 873 750 955 ᾧ
802 886 853 950 5.
949 873 1176 935 Restat
1219 876 1494 956 scriptor
1538 874 1810 937 Latinus
1855 876 1916 937 in
1979 876 2265 959 plurimis
2309 877 2500 939 rebus
2552 897 2786 960 parvae
2835 879 3100 939 auctori-

501 982 677 1052 tatiS,
725 992 1014 1045 attamen
1067 1004 1193 1046 non
1243 985 1645 1067 spernendae
1705 987 1765 1047 in
1815 995 2064 1059 nostra,
2130 986 2576 1049 Cornelius
2621 988 2927 1071 Nep05‚
2994 989 3101 1071 qui

501 1092 562 1153 in
645 1092 772 1154 vita
840 1093 1227 1173 Thrasybuli
1296 1114 1436 1179 cap.
1512 1112 1544 1174 3
1596 1104 1811 1157 narrat
1857 1095 2089 1158 haece:
2146 1096 2241 1159 »Is
2276 1098 2675 1180 (Pausanias)
2710 1098 2874 1160 inter
2903 1098 3100 1160 Thra-

498 1202 799 1283 sybulum
849 1211 914 1265 et
957 1224 1088 1276 eOS,
1139 1204 1245 1287 qui
1296 1204 1522 1267 urb'em
1566 1207 1894 1279 tenebant,
1961 1205 2110 1268 fecit
2155 1226 2383 1290 pacem
2429 1208 2526 1270 his
2572 1209 3096 1275 condicionibus:

499 1333 578 1375 ne
625 1313 731 1396 qui
777 1322 1033 1396 praeter
1079 1314 1339 1395 triginta
1383 1324 1696 1396 tyrannos
1743 1325 1808 1378 et
1856 1318 2101 1390 decem,
2150 1318 2258 1399 qui
2311 1327 2539 1400 postea
2586 1328 2921 1401 praetores
2970 1341 3098 1381 cre·

502 1424 588 1485 ati
653 1424 1002 1507 superioris
1069 1444 1247 1486 more
1307 1426 1701 1487 crudelitatis
1761 1436 1942 1488 erant
2000 1427 2130 1499 usi,
2180 1426 2585 1490 afficerentur
2630 1429 2889 1500 exsilio,
2938 1449 3098 1490 neve

498 1534 672 1597 bona
715 1533 1209 1618 publicarentur,
1261 1536 1344 1597 rei
1392 1537 1687 1619 publicae
1737 1538 2104 1619 procuratio
2138 1538 2383 1621 populo
2418 1540 2807 1601 redderetur.
2911 1540 3099 1601 Prae-

495 1643 740 1706 clarum
772 1644 898 1706 hoc
947 1665 1207 1726 quoque
1240 1646 1646 1728 Thrasybuli,
1696 1650 1873 1732 quod
1908 1647 2318 1710 reconciliata
2351 1669 2528 1732 pace,
2574 1669 2724 1710 cum
2757 1651 3101 1733 plurimum

495 1755 558 1815 in
606 1755 863 1817 civitate
928 1764 1167 1838 posset,
1215 1756 1426 1838 legem
1475 1758 1635 1831 tulit,
1685 1780 1766 1820 ne
1815 1758 1959 1842 quis
2005 1767 2155 1819 ante
2212 1768 2506 1820 actarum
2567 1780 2783 1821 rerum
2841 1780 3096 1822 accusa·
3167 1752 3176 1759 ’

496 1874 669 1926 retur
714 1885 877 1927 neve
924 1867 1325 1943 multaretur,
1376 1889 1652 1951 eamque
1703 1869 1784 1929 illi
1831 1868 2173 1930 oblivionis
2219 1866 2681 1953 appellarunt«

706 1975 807 2037 Eo
853 1985 1107 2038 tantum
1153 1979 1377 2061 Nepos
1423 2000 1461 2039 a
1509 1978 1946 2061 Xenophonte
1993 1978 2306 2051 dissentit,
2370 1979 2547 2062 quod
2597 2000 2635 2040 a
2684 1981 2862 2063 pacis
2908 1982 3095 2042 bene-

492 2084 639 2148 ficio
689 2085 986 2148 exclusos
1051 2097 1306 2170 praeter
1357 2089 1794 2169 trigintaviros
1853 2109 2064 2171 neque
2113 2089 2590 2150 undecimviros
2647 2090 2830 2151 affert
2887 2112 3097 2173 neque

493 2195 896 2258 decemviros
926 2197 1322 2270 PiraeenseS,
1382 2200 1496 2260 sed
1529 2199 1934 2260 decemviros
1985 2199 2269 2259 urbanos
2317 2208 2466 2281 post
2498 2199 2935 2275 trigintaviros
2968 2220 3095 2262 cre-

492 2313 654 2374 atos,
705 2326 868 2388 quos
901 2306 1200 2369 exclusos
1248 2328 1376 2369 non
1411 2329 1552 2371 esse
1585 2310 1643 2370 in
1690 2309 1989 2392 proxima
2022 2307 2432 2391 paragrapho
2482 2307 3090 2370 demonstravimus,

491 2414 906 2478 Manifestum
956 2425 1055 2478 est
1102 2417 1272 2479 hunc
1316 2419 1588 2502 Nepotis
1638 2438 1923 2481 errorem
1971 2419 2296 2480 diversum
2345 2439 2486 2481 esse
2535 2439 2572 2480 a
2604 2419 2826 2480 Iustini
2876 2437 3092 2480 errore

490 2526 617 2587 iam
668 2538 1031 2590 memorato
1078 2548 1291 2611 neque
1335 2530 1417 2591 ad
1478 2531 1752 2592 eandem
1816 2549 2080 2591 causam
2140 2529 2567 2596 referendum.
2665 2529 2905 2613 NepOS,
2967 2549 3096 2612 qua

488 2637 865 2719 saepissime
913 2648 1014 2700 est
1060 2639 1490 2719 neglegentia,
1555 2640 2030 2701 undecimviros
2077 2640 2363 2719 neglexit
2417 2649 2483 2701 et
2529 2660 2647 2722 pro
2710 2639 3093 2701 decemviris

490 2745 946 2809 Piraeensibus
992 2750 1207 2831 posuit
1251 2749 1655 2811 decemviros
1705 2750 2004 2822 urbanOS,
2057 2750 2166 2832 qui
2214 2751 2334 2811 soli
2380 2751 2437 2812 ei
2486 2760 2666 2812 erant
2711 2752 2874 2815 noti.

699 2856 902 2920 Simili
948 2880 1163 2922 errore
1209 2859 1479 2923 fortasse
1525 2859 1768 2922 sactum
1816 2869 1930 2931 est,
1997 2869 2064 2921 ut
2112 2860 2546 2943 Harpocratio
2607 2869 2705 2928 et,
2770 2861 2879 2939 qui
2939 2879 3090 2920 eum

483 2977 854 3050 sequuntur,
904 2968 1135 3031 Suidas
1181 2979 1246 3032 et
1295 2965 1564 3032 Photius
1611 2992 1660 3030 S.
1712 2991 1769 3029 v.
1817 2968 2082 3043 Μόλπις
2127 2970 2371 3031 dicant:
2430 2966 2669 3051 »μετὰ
2714 2968 2870 3044 τοὺς
2914 2968 3091 3053 τριά-

483 3099 689 3140 κοντα
734 3077 886 3142 δέκα
934 3073 1165 3163 ἄνδρες
1208 3074 1407 3163 ἦρχον
1449 3078 1521 3143 ἐν
1563 3082 1664 3164 τῷ
1706 3082 2011 3162 Πειραιεῖ,
2061 3069 2157 3141 ὧν
2202 3073 2293 3153 εἷς
2339 3073 2420 3164 ἧν
2466 3075 2503 3142 ὁ
2545 3079 2870 3156 Μόλπις,«
2936 3100 3086 3142 cum

484 3187 887 3252 decemviros
919 3189 1299 3252 Piraeenses
1345 3201 1602 3253 constet
1648 3191 1837 3252 simul
1870 3210 2019 3250 cum
2062 3190 2482 3270 trigintaviris
2514 3210 2779 3251 munere
2828 3190 3083 3252 functos

484 3316 646 3359 esse.
741 3298 869 3379 Qui
918 3320 1092 3362 error
1137 3321 1282 3364 mea
1315 3301 1580 3383 quidem
1627 3303 1945 3364 sententia
1979 3299 2475 3383 Harpocrationi
2512 3300 2630 3382 ipsi
2673 3300 3089 3382 imputandus

483 3415 583 3469 est
614 3425 824 3492 neque
844 3430 1000 3502 'cum
1034 3410 1375 3484 KuesterO,
1413 3412 1675 3484 Meier0,
1713 3410 2019 3473 Scheibio
2050 3407 2213 3492 μετὰ
2245 3410 2629 3471 mutandum
2666 3421 2764 3472 est
2798 3410 2859 3471 in
2892 3410 3080 3475 κατά.

693 3518 952 3582 Diserte
1003 3520 1238 3582 deinde
1283 3521 1505 3603 Nepos
1550 3521 1721 3592 dicit,
1776 3521 1839 3581 id
1903 3521 2081 3604 quod
2149 3520 2320 3603 apud
2369 3520 2878 3602 Xenophontem
2938 3522 3085 3583 sub-

479 3629 875 3692 audiendum
908 3652 1050 3694 esse
1080 3651 1271 3712 supra
1305 3632 1368 3712 (g
1405 3635 1464 3713 2)
1511 3631 1809 3702 diximus,
1862 3631 2037 3692 bona
2086 3649 2331 3702 eorum,
2383 3630 2492 3712 qui
2523 3649 2560 3691 a
2596 3630 2805 3691 reditu
2840 3630 3080 3694 exclusi

481 3749 683 3812 erant,
735 3741 1122 3823 publicanda
1184 3742 1397 3807 fuisse.
1494 3741 1753 3803 Novum
1802 3749 2020 3802 autem
2069 3742 2242 3823 apud
2297 3755 2447 3802 eum
2507 3741 2966 3820 cognoscimus
3021 3761 3081 3801 a·

481 3852 790 3914 mnestiae
839 3862 1169 3914 auctorem
1216 3851 1697 3931 Thrasybulum
1747 3852 1964 3922 fuisse,
2015 3852 2194 3933 quod
2230 3851 2590 3913 Aeschines
2623 3850 2919 3924 affirmat,
2971 3851 3083 3932 qui

481 3961 535 4022 ΙΙ
591 3962 712 4039 176
758 3971 1011 4044 praeter
1055 3960 1532 4041 Thrasybulum
1578 3962 1775 4022 etiam
1812 3961 2170 4022 Archinum
2205 3961 2494 4024 nominat
2540 3963 2677 4023 eius
2724 3971 3077 4031 auctorem,

483 4079 548 4131 et
578 4070 875 4132 Valerius
912 4071 1237 4133 Maximus
1280 4071 1372 4132 IV
1426 4087 1542 4146 1,4.
1651 4071 1971 4132 Eleusinis
2019 4081 2436 4153 recuperatae
2483 4072 2707 4154 Nepos
2755 4092 2882 4133 non
2935 4071 3083 4133 facit

481 4180 896 4251 mentionem,
947 4200 1100 4241 nam
1145 4181 1343 4242 verba
1401 4180 1851 4242 »reconciliata
1897 4200 2095 4263 pace«
2152 4182 2377 4242 melius
2423 4182 2506 4242 ad
2539 4201 2769 4264 pacem
2803 4180 3079 4242 reserun-

478 4296 598 4360 tur,
651 4310 845 4373 quam
895 4290 1031 4372 ipse
1079 4291 1372 4363 narravit,
1421 4311 1619 4374 quam
1667 4291 1752 4352 ad
1785 4292 2062 4353 reditum
2096 4311 2340 4363 eorum,
2390 4292 2496 4375 qui
2528 4292 2830 4354 Eleusina
2876 4311 3080 4353 seces-

478 4408 711 4460 serant.
807 4399 1129 4462 Omittere
1176 4410 1392 4462 autem
1426 4401 1643 4482 potuit
1687 4399 1853 4462 hanc
1902 4421 2058 4473 rem,
2111 4401 2262 4483 quia
2308 4400 2575 4462 alteram
2607 4411 2861 4481 partem
2893 4401 3076 4462 Eleu-

477 4508 614 4576 sine
660 4507 855 4576 fuisse
930 4511 1195 4576 omnino
1252 4530 1382 4575 non
1445 4511 1743 4589 narravit,
1808 4519 1874 4580 et
1930 4510 2168 4585 omisit,
2230 4511 2364 4579 sive
2423 4511 2575 4596 quia
2632 4510 3079 4592 Thrasybulus
