3459 5050
1509 270 1586 329 81-

263 499 448 553 nam,
489 490 840 562 postquam
887 502 1115 543 omnes
1162 482 1336 545 cives
1380 483 1750 545 iuraverunt
1793 481 2084 544 omnium
2123 501 2333 544 rerum
2367 490 2516 544 ante
2557 491 2851 545 ,actarum

261 589 656 655 oblivionem
704 580 859 664 fore,
916 611 1042 654 non
1105 592 1315 657 solum
1382 593 1792 655 interdictum
1855 602 2011 663 erat,
2075 613 2155 657 ne
2223 592 2364 672 quis
2418 611 2642 655 earum
2708 611 2857 653 reus

261 700 468 764 factus
513 702 576 763 in
623 702 928 765 iudicium
986 713 1327 767 vocaretur
1389 724 1554 767 neve
1618 704 2052 775 damnaretur,
2119 703 2233 766 sed
2303 703 2517 770 etiam.
2579 723 2661 766 ne
2719 702 2863 784 quis

262 813 352 877 ob
410 833 519 874 eas
573 812 655 879 ab
715 799 853 875 ἶιΙΙο
922 813 1057 879 iure
1117 812 1288 877 civili
1347 811 1823 880 excluderetur.
1922 812 2258 883 Praeterea
2328 822 2543 877 autem
2626 834 2662 874 e
2719 822 2858 876 tota

265 924 561 986 oratione
607 932 880 1006 apparet
936 924 1105 987 hunc
1167 923 1376 987 civem
1439 931 1766 985 certorum
1833 923 2171 986 criminum
2236 933 2536 1004 argutum
2594 923 2861 986 omnino

265 1054 397 1097 non
444 1054 604 1107 esse,
654 1035 771 1097 sed
809 1022 946 1096 hoc
1009 1055 1205 1099 unum
1271 1033 1516 1097 crimini
1570 1033 1629 1094 ei
1690 1032 1917 1096 datum
1981 1054 2140 1108 esse,
2199 1033 2377 1116 quod
2438 1042 2859 1114 tyrannorum

264 1154 565 1227 tempore
609 1145 672 1206 in
718 1144 878 1208 urbe
924 1154 1338 1217 remanserat,
1410 1164 1580 1226 quae
1625 1144 1677 1207 si
1721 1164 1920 1210 causa
1964 1165 2108 1207 esse
2154 1153 2451 1227 poterat,
2524 1144 2613 1209 ob
2660 1163 2860 1225 quam

268 1277 537 1319 munere
585 1255 819 1337 dignus
865 1276 998 1319 nou
1044 1255 1407 1329 haberetur,
1458 1275 1686 1318 omnes
1735 1254 1962 1319 urbani
2011 1255 2137 1319 hoc
2174 1257 2334 1319 -iure
2399 1255 2632 1338 privari
2682 1263 2861 1337 pote-

268 1376 411 1430 rant
458 1376 524 1429 et
569 1367 883 1430 amnestia
913 1386 1119 1450 prope
1153 1368 1406 1429 inversa
1452 1375 1604 1431 erat.
1700 1365 2028 1446 Quamdiu
2058 1367 2234 1430 cives
2268 1366 2625 1431 amnestiae
2677 1366 2862 1428 iusiu-

270 1478 542 1541 randum
588 1476 953 1550 servabant,
988 1498 1068 1541 ne
1113 1479 1178 1540 id
1209 1478 1471 1559 quidem
1520 1478 1760 1538 iustum
1794 1485 1949 1549 erat,
1984 1478 2161 1558 quod
2210 1479 2271 1540 in
2310 1481 2350 1560 ξ
2384 1493 2473 1556 34.
2512 1498 2608 1560 sq.
2644 1486 2863 1541 orator

267 1589 407 1671 ipse
455 1587 1122 1666 iudicibusconcedit,
1155 1609 1302 1655 cum
1338 1588 1496 1651 dicit
1535 1607 1653 1649 sua
1694 1589 2017 1653 sententia
2049 1589 2286 1653 iustum
2336 1609 2477 1652 esse
2522 1589 2585 1651 in
2635 1608 2862 1652 omnes

266 1701 444 1762 cives
486 1699 840 1761 amnestiae
890 1698 1306 1763 condiciones
1351 1699 1607 1771 servari,
1659 1707 1944 1761 attamen
1991 1720 2061 1761 se
2109 1707 2376 1782 propter
2424 1699 2661 1762 multas
2706 1698 2860 1761 iniu-

270 1811 393 1873 rias
439 1809 771 1872 exsulibus
820 1809 1024 1872 illatas
1069 1810 1320 1873 veniam
1372 1808 1544 1883 dare,
1594 1810 1647 1871 si
1694 1809 2009 1871 malorum
2059 1809 2193 1872 veri
2239 1819 2538 1875 auctores
2585 1810 2857 1891 punian-

266 1929 388 1994 tur,
437 1920 573 1993 s‘ed‚
620 1929 690 1982 ut
733 1939 980 1993 omneS,
1030 1921 1139 2002 qui
1184 1922 1247 1983 in
1305 1920 1465 1983 urbe
1524 1920 1964 1993 remanserint,
2027 1940 2235 2000 aeque
2296 1920 2661 2002 puniantur,
2729 1940 2859 1982 non

267 2030 474 2094 licere.
585 2030 797 2093 Immo
855 2050 937 2094 ne
998 2031 1062 2094 id
1125 2032 1390 2113 quidem
1445 2031 1701 2109 licebat,
1754 2040 1826 2094 ut
1886 2029 2379 2094 nocentissimus
2440 2029 2734 2092 omnium
2802 2029 2865 2092 in

267 2141 576 2204 iudicium
622 2150 963 2205 vocaretur
1010 2152 1076 2204 et
1117 2143 1468 2225 puniretur,
1518 2160 1792 2223 eamque
1826 2142 1913 2204 ob
1945 2161 2079 2203 rem
2114 2159 2308 2222 quam
2343 2140 2624 2205 maxime
2661 2141 2863 2203 deste-

266 2251 449 2314 tandi
520 2261 668 2315 sunt
739 2251 1205 2332 sycophantae,
1271 2253 1379 2337 qui
1426 2250 1763 2315 calumniis
1833 2252 2217 2315 amnestiam
2286 2250 2525 2313 irritam
2593 2251 2865 2314 reddere

272 2362 690 2432 conabantur,
739 2370 804 2425 et
850 2362 1315 2445 improbandus
1362 2363 1558 2425 etiam
1605 2362 1709 2425 hic
1755 2361 1913 2424 civis
1947 2363 2103 2443 ipse,
2157 2361 2335 2443 quod
2375 2361 2497 2425 sibi
2545 2361 2682 2434 soli,
2733 2381 2864 2424 non

272 2472 577 2536 omnibus
638 2492 793 2537 suae
861 2473 1062 2553 partis
1119 2473 1365 2537 civibus
1427 2471 1786 2537 amnestiae
1864 2471 2254 2537 beneficium
2317 2468 2617 2536 vindicat,
2729 2470 2864 2536 Sed

269 2604 401 2647 non
447 2583 660 2645 solum
706 2604 968 2667 sperare
1031 2584 1219 2647 nobis
1280 2584 1427 2647 licet
1484 2583 1831 2666 populares
1889 2582 2040 2645 huic
2103 2583 2223 2645 civi
2294 2583 2546 2645 veniam
2609 2583 2865 2648 dedisse

267 2702 337 2756 et
377 2693 466 2757 ita
512 2694 831 2775 suffragiis
875 2694 1018 2757 latis
1049 2696 1433 2757 amnestiam
1479 2713 1608 2756 non
1641 2693 1925 2767 laesisse,
1961 2695 2077 2756 sed
2124 2693 2320 2756 etiam
2354 2693 2594 2760 scimus
2625 2693 2867 2756 multos

269 2803 471 2866 etiam
519 2824 762 2877 eorum,
813 2804 923 2884 qui
969 2806 1090 2868 sub
1137 2803 1551 2886 trigintaviris
1584 2803 1957 2882 muneribus
2004 2803 2201 2868 functi
2251 2812 2315 2866 et
2351 2822 2580 2866 eorum
2625 2801 2859 2867 facino-

269 2933 415 2975 rum
461 2914 807 2996 participes
853 2914 1001 2980 facti
1048 2923 1248 2987 erant,
1297 2913 1623 2996 republica
1657 2913 1957 2976 restituta
2005 2914 2327 2977 maximos
2366 2914 2650 2977 honores
2696 2934 2863 2977 asse·

265 3032 455 3087 cutos
504 3044 662 3097 esse,
710 3036 779 3086 ut
824 3033 1095 3088 testatur
1140 3025 1367 3107 Lysias
1413 3023 1567 3086 XVI
1613 3026 1671 3097 8,
1718 3022 1936 3086 XXVI
1993 3040 2067 3104 17
2118 3034 2183 3088 et
2232 3041 2337 3089 20.

463 3134 730 3215 ,Accepi
774 3134 872 3196 his
920 3135 1146 3199 diebus
1204 3136 1257 3198 F
1261 3134 1633 3214 rohbergeri
1700 3154 1792 3198 or.
1852 3134 1960 3198 sel.
2025 3134 2178 3215 Lys.
2240 3135 2540 3198 editionis
2600 3136 2861 3199 maioris

264 3254 520 3308 tomum
567 3246 848 3324 primum
893 3246 1125 3308 iterum
1174 3267 1211 3308 a
1272 3244 1614 3309 Gebauero
1662 3263 1871 3323 nuper
1928 3245 2198 3320 editum,
2247 3265 2445 3327 quam
2496 3237 2860 3310 ¹editionem

265 3354 421 3417 mihi
465 3354 701 3418 sufficit
746 3356 871 3419 hoc
919 3333 1064 3419 loco
1108 3355 1488 3428 laudavisse,
1539 3374 1689 3417 nam
1735 3374 1979 3428 eorum,
2032 3377 2202 3438 quae
2248 3356 2370 3419 hac
2398 3356 2856 3420 dissertatione

268 3466 613 3545 disputavi,
665 3465 815 3528 nihil
861 3476 1128 3549 propter
1174 3487 1319 3530 eam
1367 3466 1749 3528 mutandum
1797 3475 1913 3538 est,
1962 3465 2114 3548 quia
2176 3464 2494 3540 Gebauer,
2563 3468 2858 3548 quamvis

264 3576 350 3637 sit
432 3575 702 3657 diligens
793 3577 853 3639 in
933 3575 1418 3656 quaestionibus
1494 3577 1967 3656 grammaticiS,
2061 3578 2123 3639 in
2212 3576 2530 3640 historicis
2622 3597 2851 3640 omnes

264 3685 321 3748 F
324 3685 703 3765 rohbergeri
752 3688 1100 3749 sententias
1143 3695 1277 3749 tam
1310 3686 1703 3750 verbotenus
1734 3688 2011 3761 retinuit,
2065 3696 2135 3748 ut
2167 3707 2246 3749 ne
2282 3707 2563 3752 errorem
2593 3687 2856 3769 quidem

265 3800 308 3876 ξ
360 3809 436 3873 25
488 3815 551 3875 p.
601 3796 682 3875 63
732 3817 771 3857 a
818 3796 1005 3859 nobis
1054 3806 1349 3859 notatum
1403 3798 1770 3861 correxerit.

482 3906 518 3988 ξ
565 3922 666 3985 29.
760 3905 1032 3968 Archini
1074 3905 1308 3986 legem,
1358 3926 1525 3986 quae
1568 3907 1631 3968 in
1678 3908 1976 3989 proxima
2028 3907 2443 3990 paragrapho
2496 3908 2626 3970 iam
2685 3929 2855 3972 com·

265 4017 690 4079 memoranda
738 4027 894 4090 erat,
944 4018 1397 4098 cognoscimus
1431 4017 1727 4080 Isocratis
1773 4018 2066 4081 oratione
2097 4018 2642 4091 duodevicesima,
2693 4040 2859 4101 quae

270 4126 714 4211 »παραγραφὴ
756 4127 924 4210 πρὸς
969 4129 1421 4210 Καλλίμαχον(
1475 4127 1782 4211 inscripta
1816 4137 1932 4203 est,
1969 4130 2150 4192 cuius
2180 4128 2603 4211 paragraphis
2634 4130 2856 4212 primis

265 4236 431 4298 haec
477 4236 582 4299 lex
628 4236 915 4299 Archino
961 4247 1226 4300 auctore
1271 4238 1420 4307 lata.
1471 4260 1602 4320 qua
1636 4241 2079 4302 accusationes
2113 4240 2425 4302 adversus
2470 4240 2855 4304 amnestiam

264 4347 595 4409 institutae
643 4347 1116 4429 repellerentur,
1167 4351 1532 4430 exponitur.
1600 4348 2052 4423 AthenienseS,
2103 4370 2251 4411 cum
2284 4349 2624 4412 nonnullos
2668 4370 2849 4416 accu-

264 4456 634 4520 sationibus
680 4459 1061 4520 amnestiam
1105 4458 1360 4523 laedere
1408 4461 1624 4523 conari
1670 4461 2002 4534 vidissent,
2055 4469 2125 4525 ut
2189 4459 2311 4525 hos
2374 4460 2671 4523 homines
2719 4481 2860 4544 pro·
2900 4507 2903 4512 .

492 4584 731 4642 Liibbert,
773 4585 836 4632 de
879 4586 1136 4634 amnestia.
2437 4588 2469 4636 6

2940 4995 2953 5006 „1
2944 4953 2949 4956 Α
2906 4737 2971 4932 :mgis-2544,

3222 1100 3225 1103 ‚
3218 1050 3221 1053 k
3214 892 3221 915 .-

3250 1442 3251 1445 „
3248 1218 3256 1229 h·
3230 1078 3233 1083 .
3258 990 3261 991 Ἰ
3234 938 3235 941 ⁴

3326 1416 3329 1417 η
3338 1272 3341 1283 Ἡ
3334 1220 3343 1233 *A
3332 1194 3341 1205 ..Ι
3334 1142 3341 1155 ἦ
3310 1092 3343 1109 ¹¹.

3356 1546 3361 1559 ,,
3346 1390 3349 1391 ¹
3350 1118 3373 1339 *a

3374 1512 3385 1539 ¹¹*
3372 1462 3395 1487 ἶ
3366 1278 3403 1417 25„OE
3368 1182 3395 1253 '5312‘
3372 1022 3403 1159 „fis-„⁴5
3386 964 3399 977 η
3384 904 3399 931 ἡ·
3392 804 3395 813 ι

3414 1552 3425 1587 ν·
3406 1484 3425 1537 xvssf'
3396 1366 3425 1471 :³¹⁶ssss
3386 1108 3425 1355 *rdhfflsszj
3406 1050 3425 1093 ‚¹⁴7
3410 1028 3417 1033 '¹
3404 926 3425 1017 fi-Sssr·
3404 876 3425 899 1*
3412 834 3425 847 ἓ
