3459 5050
1804 246 1892 310 66

547 452 645 527 ὧν
673 455 756 529 ἂν
786 460 1236 548 ἐξαμάρτωσιν
1281 455 1340 547 ἢ
1365 460 1770 545 πράξαντεςα
1812 470 1931 524 ete.
1972 460 2095 523 dici
2129 482 2258 523 non
2299 468 2605 543 poterant
2639 460 2955 522 amnestia
2990 461 3148 523 iure·

551 574 821 636 iurando
851 583 1110 647 sancta„
1144 593 1296 635 nam
1346 574 1466 635 etsi
1514 573 1809 634 concedo
1860 571 2361 634 Eratosthenem
2410 571 2724 633 adversus
2764 571 3147 633 amnestiam

550 685 831 746 accusari
895 685 1206 768 potuisse,
1255 684 1409 765 quia
1459 704 1619 745 unus
1668 704 1703 744 e
1753 681 2166 763 trigintaviris
2216 680 2440 754 fuerat,
2491 682 2846 744 certissime
2893 682 3143 761 LysiaS,

550 795 668 855 nisi
716 795 1097 857 amnestiam
1134 815 1341 878 paene
1375 793 1639 856 illudere
1669 793 1951 865 volebat,
1989 793 2202 854 dicere
2237 812 2365 853 non
2398 794 2613 873 potuit
2642 790 3149 855 Eratosthenem

548 906 1116 969 condemnandum
1179 925 1342 989 esse,
1409 912 1477 966 ut
1534 905 1735 966 etiam
1781 903 1974 965 ceteri
2025 903 2162 964 eius
2195 901 2490 965 factionis
2519 901 2694 967 cives
2724 901 2960 963 scirent
3000 921 3148 962 sese

549 1014 848 1097 punitum
897 1016 988 1081 iri.
1082 1015 1182 1078 Ea
1214 1035 1495 1099 quoque,
1530 1014 1767 1093 quibus
1830 1013 1891 1074 in
1941 1016 2025 1093 gg
2081 1025 2108 1090 5
2125 1012 2327 1091 5—-61
2381 1012 2804 1084 decemviros,
2856 1011 3142 1091 triginta-

548 1126 829 1187 virorum
865 1145 1304 1197 -successoreS,
1355 1125 1465 1206 qui
1515 1124 1870 1185 amnestiae
1919 1122 2265 1205 participes
2310 1132 2528 1195 erant,
2597 1121 3016 1184 vehementer
3060 1120 3146 1181 in-

551 1246 794 1318 crepat,
844 1236 1162 1298 amnestia
1194 1236 1451 1299 decreta
1487 1233 1774 1316 proferre
1816 1254 2009 1296 ausus
2045 1247 2174 1296 non
2222 1234 2321 1295 sit.
2392 1233 2464 1293 In
2498 1235 2539 1313 ξ
2567 1235 2644 1312 85
2698 1230 3147 1294 Eratosthenis

549 1340 1174 1435 adiutores'sperant
1222 1344 1489 1408 multam
1525 1345 1973 1428 impunitatem
2006 1364 2251 1416 eorum,
2299 1364 2465 1425 quae
2500 1343 2788 1420 fecerint,
2830 1341 2949 1404 sibi
2983 1340 3146 1402 futu-

552 1476 691 1519 ram
727 1440 888 1528 esse,
940 1455 992 1517 si
1026 1454 1491 1519 Eratosthenes
1524 1454 1922 1518 absolvatur.
1995 1455 2218 1536 Itaque
2267 1453 2556 1515 nondum
2604 1454 2695 1515 eis
2741 1461 2841 1516 est
2881 1450 3147 1533 impuni-

551 1575 670 1628 tas,
766 1565 1121 1644 Quomodo
1167 1563 1505 1627 dilucidius
1537 1566 1798 1628 indicari
1831 1566 2046 1648 potuit
2076 1565 2462 1628 amnestiam
2497 1564 2788 1626 nondum
2821 1563 3144 1624 decretam

551 1675 729 1738 esse?
799 1675 967 1737 Nam
1015 1675 1244 1757 siiam
1293 1675 1429 1749 fuit,
1481 1677 1676 1738 etiam
1729 1676 2081 1758 impunitas
2130 1675 2421 1737 omnium
2469 1693 2713 1747 eorum,
2771 1692 2940 1753 quae
2988 1671 3146 1733 fece-

554 1794 714 1857 rant,
775 1785 867 1847 eis
915 1785 1066 1846 data
1112 1795 1269 1858 erat,
1319 1786 1703 1869 praesertim
1746 1805 1893 1847 cum
1941 1786 2211 1848 verbum
2260 1779 2438 1848 ἄδεια
2486 1784 2743 1865 saepius
2792 1783 2966 1845 idem
3015 1781 3145 1843 fere

554 1894 876 1976 significet
921 1904 1116 1976 atque
1164 1891 1501 1979 ἀμνηστία.

763 2006 911 2068 Non
960 2004 1260 2068 refutavit
1304 2003 1582 2067 Grosser
1642 2005 1704 2066 id
1756 2014 2230 2086 argumentum,
2296 2006 2476 2088 quod
2521 2003 2933 2084 Frohberger
2974 2003 3037 2064 in
3082 2022 3136 2063 a.

552 2115 661 2197 ph.
708 2125 774 2177 et
820 2136 883 2198 p.
935 2114 1235 2178 LXXXII
1283 2136 1344 2196 p.
1392 2117 1521 2191 408
1555 2114 1824 2196 protulit
1872 2136 1907 2176 e
1952 2116 2032 2197 ἐξ
2082 2117 2165 2192 36
2199 2124 2263 2177 et
2297 2118 2374 2195 83
2412 2115 2707 2194 petitum,
2757 2113 2865 2199 ubi
2914 2111 3142 2192 Lysias

552 2208 859 2308 postulat,
910 2235 980 2286 ut
1025 2225 1623 2305 tringintavirorum
1670 2224 1854 2288 liberi
1901 2226 2281 2307 puniantur,'
2328 2245 2494 2305 quos
2554 2223 2910 2285 amnestiae
2957 2222 3145 2304 parti·

548 2335 727 2416 cipes
775 2333 968 2397 fuisse
1016 2335 1303 2397 ostendit
1350 2335 1834 2398 Demosthenes
1880 2334 1998 2397 XL
2047 2353 2129 2415 32
2194 2335 2370 2398 hisce
2416 2334 2666 2397 verbis:
2742 2329 2927 2398 »οὐδὲ
2986 2329 3140 2406 τοὺς

551 2450 688 2508 τῶν
754 2443 1112 2529 τριάκοντα
1172 2442 1328 2519 υἱεῖς
1390 2445 1788 2529 φυγαδεῦσαι
1848 2443 1920 2509 ἐκ
1982 2455 2103 2529 τῆς
2164 2444 2421 2520 πόλεως
2483 2443 2858 2529 ἦξιώσατεα.
2955 2443 3137 2514 Fieri,

554 2554 679 2617 hoc
724 2556 1036 2627 concedo,
1100 2556 1153 2616 si
1212 2556 1378 2618 duae
1440 2558 1800 2618 amnestiae
1864 2556 2152 2629 fuissent,
2217 2557 2448 2638 potuit,
2500 2567 2570 2619 ut
2616 2555 2796 2618 liberi
2843 2576 2880 2617 a
2930 2554 3140 2637 priore

552 2685 699 2727 cum
744 2665 1119 2747 parentibus
1167 2667 1677 2739 excluderentur,
1730 2667 1931 2729 altera
1978 2657 2441 2746 reciperentur,
2484 2687 2653 2747 quae
2697 2675 2798 2728 est
2845 2662 3140 2725 Grosseri

549 2774 887 2848 sententia,
938 2774 1054 2836 sed
1103 2785 1242 2838 tum
1291 2778 1425 2838 sine
1469 2776 1671 2837 dubio
1720 2777 1783 2837 in
1833 2776 2239 2838 iureiurando
2291 2777 2466 2858 apud
2511 2777 2687 2842 And.
2722 2756 2761 2838 '1
2808 2792 2917 2856 90,
2967 2773 3143 2857 quod

553 2884 632 2949 ad
683 2884 964 2967 priorem
1012 2886 1395 2948 amnestiam
1440 2906 1623 2947 suam
1671 2885 1886 2958 refert,
1957 2887 2332 2949 nominandi
2394 2896 2575 2949 erant
2623 2887 2789 2948 inter
2834 2906 2965 2958 e03‚
3033 2885 3142 2967 qui

554 2995 908 3056 amnestiae
954 2996 1241 3076 exempti
1274 3006 1473 3068 erant,
1523 3004 1594 3058 ut
1625 2995 1905 3079 exempli
1938 2997 2144 3077 gratia
2189 2997 2365 3077 apud
2415 2996 2589 3058 And.
2634 2997 2659 3058 1
2697 3011 2819 3080 741'
2870 2991 3148 3069 »αὐτοὺς

555 3103 663 3166 καὶ
708 3102 865 3178 τοὺς
911 3103 982 3169 ἐκ
1024 3104 1322 3170 ‘colinum
1376 3105 1556 3167 liberi
1602 3105 1841 3167 diserte
1890 3106 1971 3167 ad
2018 3115 2232 3187 patres
2271 3106 2616 3171 adduntur.
2712 3105 2910 3186 Quod
2944 3125 3144 3187 quon·

557 3213 684 3275 iam
734 3212 976 3276 factum
1023 3234 1152 3276 non
1221 3225 1335 3287 est,
1412 3214 1532 3298 ipsi
1581 3214 1899 3278 Grossero
1957 3235 2085 3277 non
2130 3216 2277 3277 licet
2323 3237 2438 3278 eos
2485 3237 2523 3279 a
2572 3217 2784 3297 priore
2831 3214 3149 3278 amnestia

555 3341 671 3383 sua
718 3323 1017 3386 exclusos
1047 3323 1305 3394 habere,
1353 3334 1417 3387 et
1464 3325 1551 3387 ita
1596 3325 1660 3387 hi
1709 3346 1973 3407 quoque
2012 3326 2131 3387 loci
2181 3327 2534 3389 ostendunt
2579 3327 2965 3388 amnestiam
3014 3346 3143 3387 non

555 3432 882 3493 decretam
939 3454 1099 3506 esse,
1163 3443 1512 3515 antequam
1577 3435 1739 3497 haec
1800 3436 2008 3498 oratio
2053 3434 2417 3500 haberetur.
2513 3435 2701 3516 Quae
2751 3434 3026 3498 Grosser
3073 3458 3136 3518 p.

559 3557 641 3620 30
688 3542 770 3603 de
816 3544 1223 3626 paragrapho
1274 3547 1353 3623 83
1406 3545 1487 3608 de
1533 3545 1779 3607 verbis:
1838 3540 2045 3607 »ἀλλὰ
2093 3542 2218 3627 γὰρ
2266 3544 2319 3609 εἰ
2364 3541 2451 3609 τὰ
2480 3545 2779 3629 χρήματα
2823 3542 2909 3609 τὰ
2954 3567 3146 3625 φανε-

555 3648 638 3733 ρὰ
686 3651 1043 3734 δημεύσετε,
1092 3657 1309 3729 καλῶς
1352 3649 1436 3718 ἄν
1480 3650 1648 3735 ἔχσκ<
1700 3662 1927 3716 contra
1972 3652 2490 3735 Frohbergerum
2525 3656 2896 3737 disputavit,
2962 3655 3151 3737 pluri·

483 3854 488 3858 φ
556 3780 666 3822 ma
712 3771 888 3823 certe
934 3763 1270 3845 probanda
1316 3774 1485 3837 sunt,
1534 3764 1650 3825 sed
1696 3784 1781 3824 ex
1829 3763 1921 3825 eis
1969 3762 2119 3826 nihil
2163 3784 2280 3847 pro
2325 3786 2442 3827 sua
2473 3767 2796 3828 sententia
2843 3764 3146 3845 colligere

555 3872 769 3952 potuit
815 3892 1027 3953 neque
1073 3873 1349 3954 collegit.
1436 3872 1629 3935 Falso
1675 3853 2090 3953 Frohberger
2135 3874 2296 3937 haec
2354 3876 2555 3937 verba
2616 3874 2844 3947 attulit,
2910 3875 3150 3957 quibus

557 3981 1030 4045 demonstraret
1075 3984 1458 4045 amnestiam
1506 3993 1644 4044 tum
1706 3983 1999 4044 nondum
2047 3983 2261 4058 fuisse,
2331 4005 2480 4047 nam
2528 3984 2919 4066 publicanda
2966 3993 3151 4046 erant

556 4091 1098 4171 trigintavirorum
1136 4094 1314 4155 bona
1359 4113 1491 4155 non
1526 4101 1791 4177 propter
1837 4095 2246 4172 amnestiam,
2295 4095 2412 4157 sed
2444 4094 2572 4156 iam
2605 4094 2859 4166 idcircO‚
2910 4094 3062 4174 quia
3109 4114 3151 4155 a

558 4221 718 4282 pace
762 4199 1004 4263 exclusi
1051 4210 1115 4263 et
1159 4203 1250 4265 sic
1298 4202 1505 4285 patria
1551 4202 1805 4282 expulsi
1853 4213 2053 4276 erant,
2104 4181 2168 4265 id
2217 4205 2414 4288 quod,
2466 4213 2921 4286 praeterquam
2967 4197 3157 4284 quod‘

559 4329 704 4371 mos
750 4321 890 4373 erat
915 4291 1411 4375 Atheniensium
1446 4313 1542 4396 (cf.
1583 4311 1787 4375 Meier
1824 4313 1943 4376 »de
1978 4314 2168 4376 bonis
2200 4315 2458 4379 damn.‹
2512 4334 2574 4395 p.
2625 4316 2709 4393 98
2745 4333 2838 4400 sq.
2892 4321 2958 4374 et
2988 4312 3147 4374 Her·
3184 4315 3189 4320 '

560 4439 753 4485 mann
800 4419 837 4481 l.
888 4419 921 4484 l.
970 4424 1010 4502 ᾗ
1086 4423 1320 4504 124,4),
1370 4422 1604 4486 diserte
1645 4424 1868 4506 Nepos
1933 4424 2151 4497 tradit,
2223 4433 2292 4486 ut
2352 4444 2547 4506 supra
2602 4426 2670 4507 (ξ
2725 4427 2786 4505 5)
2848 4423 3151 4488 vidimus·
