<?xml version="1.0" encoding="UTF-8"?>
<!DOCTYPE html PUBLIC "-//W3C//DTD XHTML 1.0 Transitional//EN"
    "http://www.w3.org/TR/xhtml1/DTD/xhtml1-transitional.dtd">
<html xmlns="http://www.w3.org/1999/xhtml" xml:lang="en" lang="en">
 <head>
  <title>
</title>
<meta http-equiv="Content-Type" content="text/html;charset=utf-8" />
  <meta name='ocr-system' content='tesseract 3.04.00' />
  <meta name='ocr-capabilities' content='ocr_page ocr_carea ocr_par ocr_line ocrx_word'/>
</head>
<body>
  <div class='ocr_page' id='page_1' title='image "./deamnestiaannoc01luebgoog_0030.png"; bbox 0 0 3459 5050; ppageno 0'>
   <div class='ocr_carea' id='block_1_1' title="bbox 11 4189 21 4728">
    <p class='ocr_par' dir='ltr' id='par_1_1' title="bbox 11 4189 21 4728">
     <span class='ocr_line' id='line_1_1' title="bbox 11 4189 21 4728; textangle 90"><span class='ocrx_word' id='word_1_1' title='bbox 11 4337 21 4728; x_wconf 46' lang='lat' dir='ltr'>...fl-„21r-rffv-v——1-n-</span> <span class='ocrx_word' id='word_1_2' title='bbox 12 4261 15 4316; x_wconf 47' lang='lat' dir='ltr'>-..v</span> <span class='ocrx_word' id='word_1_3' title='bbox 12 4219 15 4224; x_wconf 35' lang='grc' dir='ltr'><strong>Ἴ</strong></span> <span class='ocrx_word' id='word_1_4' title='bbox 12 4189 13 4196; x_wconf 39' lang='lat'><em>⁴</em></span> 
     </span>
    </p>
   </div>
   <div class='ocr_carea' id='block_1_2' title="bbox 1702 336 1787 382">
    <p class='ocr_par' dir='ltr' id='par_1_2' title="bbox 1702 336 1787 382">
     <span class='ocr_line' id='line_1_2' title="bbox 1702 336 1787 382; baseline 0 0"><span class='ocrx_word' id='word_1_5' title='bbox 1702 336 1787 382; x_wconf 89' lang='lat'>20</span> 
     </span>
    </p>
   </div>
   <div class='ocr_carea' id='block_1_3' title="bbox 426 534 3032 2164">
    <p class='ocr_par' dir='ltr' id='par_1_3' title="bbox 426 534 3032 2164">
     <span class='ocr_line' id='line_1_3' title="bbox 431 534 3030 622; baseline -0.002 -19"><span class='ocrx_word' id='word_1_6' title='bbox 431 538 546 603; x_wconf 89' lang='lat' dir='ltr'>etsi</span> <span class='ocrx_word' id='word_1_7' title='bbox 610 554 843 622; x_wconf 83' lang='lat' dir='ltr'>pacem</span> <span class='ocrx_word' id='word_1_8' title='bbox 900 557 1050 601; x_wconf 91' lang='lat' dir='ltr'>cum</span> <span class='ocrx_word' id='word_1_9' title='bbox 1115 534 1656 601; x_wconf 82' lang='lat' dir='ltr'>Lacedaemoniis</span> <span class='ocrx_word' id='word_1_10' title='bbox 1724 536 1961 598; x_wconf 87' lang='lat' dir='ltr'>factam</span> <span class='ocrx_word' id='word_1_11' title='bbox 2028 545 2094 597; x_wconf 87' lang='lat' dir='ltr'>et</span> <span class='ocrx_word' id='word_1_12' title='bbox 2168 536 2670 599; x_wconf 83' lang='lat' dir='ltr'>Atheniensium</span> <span class='ocrx_word' id='word_1_13' title='bbox 2744 536 3030 619; x_wconf 86' lang='lat' dir='ltr'>ipsorum</span> 
     </span>
     <span class='ocr_line' id='line_1_4' title="bbox 432 646 3031 733; baseline -0.002 -21"><span class='ocrx_word' id='word_1_14' title='bbox 432 659 624 733; x_wconf 87' lang='lat' dir='ltr'>pacta</span> <span class='ocrx_word' id='word_1_15' title='bbox 668 650 1033 711; x_wconf 80' lang='lat' dir='ltr'>discernere</span> <span class='ocrx_word' id='word_1_16' title='bbox 1074 646 1392 721; x_wconf 86' lang='lat' dir='ltr'>videntur,</span> <span class='ocrx_word' id='word_1_17' title='bbox 1441 668 1572 711; x_wconf 91' lang='lat' dir='ltr'>non</span> <span class='ocrx_word' id='word_1_18' title='bbox 1621 650 1880 713; x_wconf 82' lang='lat' dir='ltr'>refutari</span> <span class='ocrx_word' id='word_1_19' title='bbox 1931 669 2087 712; x_wconf 86' lang='lat' dir='ltr'>mox</span> <span class='ocrx_word' id='word_1_20' title='bbox 2148 647 2511 709; x_wconf 88' lang='lat' dir='ltr'>videbimus</span> <span class='ocrx_word' id='word_1_21' title='bbox 2570 668 2715 709; x_wconf 90' lang='lat' dir='ltr'>earn</span> <span class='ocrx_word' id='word_1_22' title='bbox 2779 658 3031 710; x_wconf 88' lang='lat' dir='ltr'>senten-</span> 
     </span>
     <span class='ocr_line' id='line_1_5' title="bbox 430 757 3032 843; baseline -0.002 -22"><span class='ocrx_word' id='word_1_23' title='bbox 430 760 607 833; x_wconf 83' lang='lat' dir='ltr'>tiam,</span> <span class='ocrx_word' id='word_1_24' title='bbox 659 779 828 843; x_wconf 85' lang='lat' dir='ltr'>quae</span> <span class='ocrx_word' id='word_1_25' title='bbox 874 778 990 840; x_wconf 89' lang='lat' dir='ltr'>per</span> <span class='ocrx_word' id='word_1_26' title='bbox 1037 778 1106 820; x_wconf 92' lang='lat' dir='ltr'>se</span> <span class='ocrx_word' id='word_1_27' title='bbox 1155 759 1436 820; x_wconf 84' lang='lat' dir='ltr'>maxime</span> <span class='ocrx_word' id='word_1_28' title='bbox 1487 769 1584 821; x_wconf 87' lang='lat' dir='ltr'>est</span> <span class='ocrx_word' id='word_1_29' title='bbox 1628 760 1986 842; x_wconf 89' lang='lat' dir='ltr'>probabilis</span> <span class='ocrx_word' id='word_1_30' title='bbox 2035 768 2099 820; x_wconf 93' lang='lat' dir='ltr'>et</span> <span class='ocrx_word' id='word_1_31' title='bbox 2148 779 2186 820; x_wconf 91' lang='lat' dir='ltr'>a</span> <span class='ocrx_word' id='word_1_32' title='bbox 2247 757 2687 838; x_wconf 88' lang='lat' dir='ltr'>Xenophonte</span> <span class='ocrx_word' id='word_1_33' title='bbox 2751 757 3032 829; x_wconf 85' lang='lat' dir='ltr'>fulcitur,-</span> 
     </span>
     <span class='ocr_line' id='line_1_6' title="bbox 429 867 3028 952; baseline -0.001 -22"><span class='ocrx_word' id='word_1_34' title='bbox 429 886 559 931; x_wconf 89' lang='lat' dir='ltr'>non</span> <span class='ocrx_word' id='word_1_35' title='bbox 610 870 966 932; x_wconf 88' lang='lat' dir='ltr'>seiunctam</span> <span class='ocrx_word' id='word_1_36' title='bbox 1012 887 1151 930; x_wconf 89' lang='lat' dir='ltr'>esse</span> <span class='ocrx_word' id='word_1_37' title='bbox 1199 867 1365 930; x_wconf 88' lang='lat' dir='ltr'>hanc</span> <span class='ocrx_word' id='word_1_38' title='bbox 1410 871 1784 951; x_wconf 87' lang='lat' dir='ltr'>pactionem</span> <span class='ocrx_word' id='word_1_39' title='bbox 1848 871 1931 932; x_wconf 90' lang='lat' dir='ltr'>ab</span> <span class='ocrx_word' id='word_1_40' title='bbox 1994 891 2088 942; x_wconf 84' lang='lat' dir='ltr'>ea,</span> <span class='ocrx_word' id='word_1_41' title='bbox 2160 889 2328 952; x_wconf 90' lang='lat' dir='ltr'>quae</span> <span class='ocrx_word' id='word_1_42' title='bbox 2398 868 2563 931; x_wconf 89' lang='lat' dir='ltr'>inter</span> <span class='ocrx_word' id='word_1_43' title='bbox 2631 867 2890 931; x_wconf 85' lang='lat' dir='ltr'>exsules</span> <span class='ocrx_word' id='word_1_44' title='bbox 2963 876 3028 927; x_wconf 95' lang='lat' dir='ltr'>et</span> 
     </span>
     <span class='ocr_line' id='line_1_7' title="bbox 427 978 3025 1043; baseline -0.001 -3"><span class='ocrx_word' id='word_1_45' title='bbox 427 980 708 1041; x_wconf 89' lang='lat' dir='ltr'>urbanos</span> <span class='ocrx_word' id='word_1_46' title='bbox 749 978 916 1041; x_wconf 87' lang='lat' dir='ltr'>facta</span> <span class='ocrx_word' id='word_1_47' title='bbox 966 987 1081 1040; x_wconf 91' lang='lat' dir='ltr'>est.</span> <span class='ocrx_word' id='word_1_48' title='bbox 1176 979 1344 1041; x_wconf 80' lang='lat' dir='ltr'>Nam</span> <span class='ocrx_word' id='word_1_49' title='bbox 1412 989 1481 1041; x_wconf 93' lang='lat' dir='ltr'>ut</span> <span class='ocrx_word' id='word_1_50' title='bbox 1542 1001 1687 1042; x_wconf 83' lang='lat' dir='ltr'>cum</span> <span class='ocrx_word' id='word_1_51' title='bbox 1751 982 2012 1043; x_wconf 89' lang='lat' dir='ltr'>civitate</span> <span class='ocrx_word' id='word_1_52' title='bbox 2072 979 2484 1041; x_wconf 84' lang='lat' dir='ltr'>reconciliata</span> <span class='ocrx_word' id='word_1_53' title='bbox 2543 987 2609 1038; x_wconf 90' lang='lat' dir='ltr'>et</span> <span class='ocrx_word' id='word_1_54' title='bbox 2677 979 2891 1038; x_wconf 92' lang='lat' dir='ltr'>denuo</span> <span class='ocrx_word' id='word_1_55' title='bbox 2939 978 3025 1037; x_wconf 90' lang='lat' dir='ltr'>in-</span> 
     </span>
     <span class='ocr_line' id='line_1_8' title="bbox 426 1087 3027 1172; baseline -0.001 -23"><span class='ocrx_word' id='word_1_56' title='bbox 426 1090 650 1151; x_wconf 87' lang='lat' dir='ltr'>stituta</span> <span class='ocrx_word' id='word_1_57' title='bbox 675 1089 1174 1151; x_wconf 84' lang='lat' dir='ltr'>Lacedaemonii</span> <span class='ocrx_word' id='word_1_58' title='bbox 1210 1090 1704 1170; x_wconf 83' lang='lat' dir='ltr'>paciscerentur,</span> <span class='ocrx_word' id='word_1_59' title='bbox 1748 1091 1883 1153; x_wconf 88' lang='lat' dir='ltr'>fieri</span> <span class='ocrx_word' id='word_1_60' title='bbox 1923 1111 2052 1153; x_wconf 92' lang='lat' dir='ltr'>non</span> <span class='ocrx_word' id='word_1_61' title='bbox 2095 1091 2326 1172; x_wconf 85' lang='lat' dir='ltr'>potuit,</span> <span class='ocrx_word' id='word_1_62' title='bbox 2363 1089 2675 1171; x_wconf 87' lang='lat' dir='ltr'>quoniam</span> <span class='ocrx_word' id='word_1_63' title='bbox 2708 1087 3027 1170; x_wconf 86' lang='lat' dir='ltr'>paciscen-</span> 
     </span>
     <span class='ocr_line' id='line_1_9' title="bbox 426 1197 3027 1282; baseline -0.002 -21"><span class='ocrx_word' id='word_1_64' title='bbox 426 1199 584 1261; x_wconf 90' lang='lat' dir='ltr'>dum</span> <span class='ocrx_word' id='word_1_65' title='bbox 609 1208 764 1272; x_wconf 88' lang='lat' dir='ltr'>erat,</span> <span class='ocrx_word' id='word_1_66' title='bbox 786 1199 1159 1282; x_wconf 87' lang='lat' dir='ltr'>priusquam</span> <span class='ocrx_word' id='word_1_67' title='bbox 1181 1200 1696 1263; x_wconf 83' lang='lat' dir='ltr'>reconciliaretur</span> <span class='ocrx_word' id='word_1_68' title='bbox 1724 1212 1787 1263; x_wconf 90' lang='lat' dir='ltr'>et</span> <span class='ocrx_word' id='word_1_69' title='bbox 1810 1202 2023 1263; x_wconf 92' lang='lat' dir='ltr'>denuo</span> <span class='ocrx_word' id='word_1_70' title='bbox 2050 1201 2507 1262; x_wconf 86' lang='lat' dir='ltr'>institueretur.</span> <span class='ocrx_word' id='word_1_71' title='bbox 2546 1199 2762 1278; x_wconf 77' lang='lat' dir='ltr'>Quam</span> <span class='ocrx_word' id='word_1_72' title='bbox 2783 1197 2871 1258; x_wconf 94' lang='lat' dir='ltr'>ob</span> <span class='ocrx_word' id='word_1_73' title='bbox 2892 1217 3027 1258; x_wconf 88' lang='lat' dir='ltr'>rem</span> 
     </span>
     <span class='ocr_line' id='line_1_10' title="bbox 427 1307 3026 1392; baseline -0.002 -22"><span class='ocrx_word' id='word_1_74' title='bbox 427 1309 564 1370; x_wconf 92' lang='lat' dir='ltr'>sine</span> <span class='ocrx_word' id='word_1_75' title='bbox 598 1309 798 1371; x_wconf 91' lang='lat' dir='ltr'>dubio</span> <span class='ocrx_word' id='word_1_76' title='bbox 825 1329 941 1371; x_wconf 92' lang='lat' dir='ltr'>eae</span> <span class='ocrx_word' id='word_1_77' title='bbox 967 1309 1401 1392; x_wconf 82' lang='lat' dir='ltr'>condiciones,</span> <span class='ocrx_word' id='word_1_78' title='bbox 1422 1311 1656 1390; x_wconf 86' lang='lat' dir='ltr'>quibus</span> <span class='ocrx_word' id='word_1_79' title='bbox 1681 1312 2107 1385; x_wconf 86' lang='lat' dir='ltr'>statuebatur,</span> <span class='ocrx_word' id='word_1_80' title='bbox 2137 1330 2304 1392; x_wconf 89' lang='lat' dir='ltr'>quae</span> <span class='ocrx_word' id='word_1_81' title='bbox 2333 1310 2495 1370; x_wconf 87' lang='lat' dir='ltr'>ratio</span> <span class='ocrx_word' id='word_1_82' title='bbox 2522 1308 2756 1369; x_wconf 90' lang='lat' dir='ltr'>deinde</span> <span class='ocrx_word' id='word_1_83' title='bbox 2787 1307 3026 1368; x_wconf 88' lang='lat' dir='ltr'>civitati</span> 
     </span>
     <span class='ocr_line' id='line_1_11' title="bbox 427 1416 3027 1495; baseline -0.001 -15"><span class='ocrx_word' id='word_1_84' title='bbox 427 1439 573 1480; x_wconf 89' lang='lat' dir='ltr'>cum</span> <span class='ocrx_word' id='word_1_85' title='bbox 607 1417 1142 1481; x_wconf 87' lang='lat' dir='ltr'>Lacedaemoniis</span> <span class='ocrx_word' id='word_1_86' title='bbox 1167 1419 1612 1495; x_wconf 88' lang='lat' dir='ltr'>intercederet,</span> <span class='ocrx_word' id='word_1_87' title='bbox 1650 1443 1800 1483; x_wconf 90' lang='lat' dir='ltr'>cum</span> <span class='ocrx_word' id='word_1_88' title='bbox 1830 1423 2059 1484; x_wconf 90' lang='lat' dir='ltr'>ceteris</span> <span class='ocrx_word' id='word_1_89' title='bbox 2099 1422 2483 1482; x_wconf 87' lang='lat' dir='ltr'>coniunctae</span> <span class='ocrx_word' id='word_1_90' title='bbox 2513 1428 2680 1491; x_wconf 87' lang='lat' dir='ltr'>sunt,</span> <span class='ocrx_word' id='word_1_91' title='bbox 2725 1428 2790 1479; x_wconf 91' lang='lat' dir='ltr'>et</span> <span class='ocrx_word' id='word_1_92' title='bbox 2830 1416 3027 1478; x_wconf 87' lang='lat' dir='ltr'>Lace-</span> 
     </span>
     <span class='ocr_line' id='line_1_12' title="bbox 427 1526 3029 1613; baseline -0.001 -24"><span class='ocrx_word' id='word_1_93' title='bbox 427 1529 917 1591; x_wconf 87' lang='lat' dir='ltr'>daemoniorum</span> <span class='ocrx_word' id='word_1_94' title='bbox 958 1530 1090 1602; x_wconf 83' lang='lat' dir='ltr'>rex,</span> <span class='ocrx_word' id='word_1_95' title='bbox 1126 1528 1350 1613; x_wconf 87' lang='lat' dir='ltr'>ephori</span> <span class='ocrx_word' id='word_1_96' title='bbox 1383 1531 1531 1603; x_wconf 90' lang='lat' dir='ltr'>du0,</span> <span class='ocrx_word' id='word_1_97' title='bbox 1562 1531 1754 1611; x_wconf 83' lang='lat' dir='ltr'>legati</span> <span class='ocrx_word' id='word_1_98' title='bbox 1798 1532 2167 1613; x_wconf 91' lang='lat' dir='ltr'>quindecim</span> <span class='ocrx_word' id='word_1_99' title='bbox 2201 1530 2388 1591; x_wconf 89' lang='lat' dir='ltr'>simul</span> <span class='ocrx_word' id='word_1_100' title='bbox 2432 1551 2580 1591; x_wconf 90' lang='lat' dir='ltr'>cum</span> <span class='ocrx_word' id='word_1_101' title='bbox 2613 1526 3029 1590; x_wconf 70' lang='lat' dir='ltr'>Atheniensi-</span> 
     </span>
     <span class='ocr_line' id='line_1_13' title="bbox 427 1636 3023 1723; baseline -0.002 -23"><span class='ocrx_word' id='word_1_102' title='bbox 427 1640 548 1700; x_wconf 91' lang='lat' dir='ltr'>bus</span> <span class='ocrx_word' id='word_1_103' title='bbox 574 1638 982 1699; x_wconf 89' lang='lat' dir='ltr'>iureiurando</span> <span class='ocrx_word' id='word_1_104' title='bbox 1001 1636 1232 1720; x_wconf 77' lang='lat' dir='ltr'>pacem</span> <span class='ocrx_word' id='word_1_105' title='bbox 1257 1652 1624 1713; x_wconf 89' lang='lat' dir='ltr'>sanxerunt,</span> <span class='ocrx_word' id='word_1_106' title='bbox 1660 1640 1742 1703; x_wconf 93' lang='lat' dir='ltr'>de</span> <span class='ocrx_word' id='word_1_107' title='bbox 1774 1662 1904 1723; x_wconf 90' lang='lat' dir='ltr'>qua</span> <span class='ocrx_word' id='word_1_108' title='bbox 1925 1642 2309 1723; x_wconf 89' lang='lat' dir='ltr'>quaestione</span> <span class='ocrx_word' id='word_1_109' title='bbox 2338 1638 2633 1701; x_wconf 85' lang='lat' dir='ltr'>conferas</span> <span class='ocrx_word' id='word_1_110' title='bbox 2660 1655 3023 1708; x_wconf 88' lang='lat' dir='ltr'>excursum,</span> 
     </span>
     <span class='ocr_line' id='line_1_14' title="bbox 430 1747 3028 1832; baseline -0.001 -23"><span class='ocrx_word' id='word_1_111' title='bbox 430 1751 494 1830; x_wconf 63' lang='grc' dir='ltr'>(ἓ</span> <span class='ocrx_word' id='word_1_112' title='bbox 524 1752 592 1830; x_wconf 89' lang='grc'>9)</span> <span class='ocrx_word' id='word_1_113' title='bbox 628 1747 777 1810; x_wconf 90' lang='lat' dir='ltr'>huic</span> <span class='ocrx_word' id='word_1_114' title='bbox 806 1748 1001 1830; x_wconf 88' lang='lat' dir='ltr'>capiti</span> <span class='ocrx_word' id='word_1_115' title='bbox 1035 1749 1328 1810; x_wconf 87' lang='lat' dir='ltr'>additum</span> <span class='ocrx_word' id='word_1_116' title='bbox 1359 1760 1424 1812; x_wconf 93' lang='lat' dir='ltr'>et</span> <span class='ocrx_word' id='word_1_117' title='bbox 1456 1752 1489 1832; x_wconf 64' lang='grc' dir='ltr'>ξ</span> <span class='ocrx_word' id='word_1_118' title='bbox 1531 1768 1624 1812; x_wconf 86' lang='lat'>12.</span> <span class='ocrx_word' id='word_1_119' title='bbox 1675 1752 2031 1830; x_wconf 88' lang='lat' dir='ltr'>Propterea</span> <span class='ocrx_word' id='word_1_120' title='bbox 2066 1750 2435 1831; x_wconf 86' lang='lat' dir='ltr'>Xenophon</span> <span class='ocrx_word' id='word_1_121' title='bbox 2473 1749 2554 1830; x_wconf 83' lang='lat' dir='ltr'>(II</span> <span class='ocrx_word' id='word_1_122' title='bbox 2585 1749 2767 1827; x_wconf 76' lang='lat'><strong>436)</strong></span> <span class='ocrx_word' id='word_1_123' title='bbox 2801 1766 3028 1807; x_wconf 88' lang='lat' dir='ltr'>omnes</span> 
     </span>
     <span class='ocr_line' id='line_1_15' title="bbox 427 1847 3027 1944; baseline -0 -27"><span class='ocrx_word' id='word_1_124' title='bbox 427 1856 617 1919; x_wconf 88' lang='lat' dir='ltr'>huius</span> <span class='ocrx_word' id='word_1_125' title='bbox 637 1860 817 1941; x_wconf 85' lang='lat' dir='ltr'>pacis</span> <span class='ocrx_word' id='word_1_126' title='bbox 834 1859 1250 1925; x_wconf 86' lang='lat' dir='ltr'>condiciones</span> <span class='ocrx_word' id='word_1_127' title='bbox 1270 1861 1351 1921; x_wconf 90' lang='lat' dir='ltr'>ab</span> <span class='ocrx_word' id='word_1_128' title='bbox 1385 1861 1713 1924; x_wconf 87' lang='lat' dir='ltr'>exsulibus</span> <span class='ocrx_word' id='word_1_129' title='bbox 1738 1862 2109 1944; x_wconf 89' lang='lat' dir='ltr'>propositas</span> <span class='ocrx_word' id='word_1_130' title='bbox 2125 1860 2409 1943; x_wconf 89' lang='lat' dir='ltr'>appellat</span> <span class='ocrx_word' id='word_1_131' title='bbox 2451 1847 2607 1930; x_wconf 72' lang='grc' dir='ltr'>»τὰς</span> <span class='ocrx_word' id='word_1_132' title='bbox 2636 1855 2802 1940; x_wconf 75' lang='grc' dir='ltr'>πρὸς</span> <span class='ocrx_word' id='word_1_133' title='bbox 2834 1857 3027 1918; x_wconf 84' lang='grc' dir='ltr'><em>Λακε-</em></span> 
     </span>
     <span class='ocr_line' id='line_1_16' title="bbox 427 1965 3028 2053; baseline -0.002 -23"><span class='ocrx_word' id='word_1_134' title='bbox 427 1967 795 2050; x_wconf 73' lang='grc' dir='ltr'><em>δαιμονίους</em></span> <span class='ocrx_word' id='word_1_135' title='bbox 820 1969 1122 2044; x_wconf 77' lang='grc' dir='ltr'><em>σπουδάς.</em></span> <span class='ocrx_word' id='word_1_136' title='bbox 1141 1996 1163 2027; x_wconf 83' lang='lat'>‹</span> <span class='ocrx_word' id='word_1_137' title='bbox 1217 1971 1360 2032; x_wconf 89' lang='lat' dir='ltr'>Hae</span> <span class='ocrx_word' id='word_1_138' title='bbox 1386 1973 1558 2033; x_wconf 86' lang='lat' dir='ltr'>enim</span> <span class='ocrx_word' id='word_1_139' title='bbox 1584 1972 2020 2044; x_wconf 79' lang='lat' dir='ltr'>condicioneS,</span> <span class='ocrx_word' id='word_1_140' title='bbox 2072 1971 2461 2053; x_wconf 88' lang='lat' dir='ltr'>quibuscum</span> <span class='ocrx_word' id='word_1_141' title='bbox 2489 1967 2784 2030; x_wconf 87' lang='lat' dir='ltr'>exsulum</span> <span class='ocrx_word' id='word_1_142' title='bbox 2831 1965 3028 2043; x_wconf 85' lang='lat' dir='ltr'>legati</span> 
     </span>
     <span class='ocr_line' id='line_1_17' title="bbox 432 2074 3028 2164; baseline -0.001 -27"><span class='ocrx_word' id='word_1_143' title='bbox 432 2075 734 2158; x_wconf 85' lang='lat' dir='ltr'>Spartam</span> <span class='ocrx_word' id='word_1_144' title='bbox 782 2080 1141 2153; x_wconf 89' lang='lat' dir='ltr'>mittuntur,</span> <span class='ocrx_word' id='word_1_145' title='bbox 1193 2082 1457 2142; x_wconf 88' lang='lat' dir='ltr'>easdem</span> <span class='ocrx_word' id='word_1_146' title='bbox 1505 2081 1635 2143; x_wconf 88' lang='lat' dir='ltr'>fere</span> <span class='ocrx_word' id='word_1_147' title='bbox 1684 2103 1845 2154; x_wconf 74' lang='lat' dir='ltr'>esse,</span> <span class='ocrx_word' id='word_1_148' title='bbox 1912 2083 2148 2164; x_wconf 91' lang='lat' dir='ltr'>quibus</span> <span class='ocrx_word' id='word_1_149' title='bbox 2204 2080 2398 2161; x_wconf 87' lang='lat' dir='ltr'>paulo</span> <span class='ocrx_word' id='word_1_150' title='bbox 2449 2087 2600 2159; x_wconf 91' lang='lat' dir='ltr'>post</span> <span class='ocrx_word' id='word_1_151' title='bbox 2666 2097 2795 2158; x_wconf 85' lang='lat' dir='ltr'>pax</span> <span class='ocrx_word' id='word_1_152' title='bbox 2860 2074 3028 2137; x_wconf 89' lang='lat' dir='ltr'>facta</span> 
     </span>
    </p>
   </div>
   <div class='ocr_carea' id='block_1_4' title="bbox 428 2188 3130 2274">
    <p class='ocr_par' dir='ltr' id='par_1_4' title="bbox 428 2188 3130 2274">
     <span class='ocr_line' id='line_1_18' title="bbox 428 2188 3130 2274; baseline -0.001 -26"><span class='ocrx_word' id='word_1_153' title='bbox 428 2188 529 2259; x_wconf 90' lang='lat' dir='ltr'>sit,</span> <span class='ocrx_word' id='word_1_154' title='bbox 583 2189 729 2251; x_wconf 93' lang='lat' dir='ltr'>ideo</span> <span class='ocrx_word' id='word_1_155' title='bbox 774 2191 1113 2263; x_wconf 84' lang='lat' dir='ltr'>verisimile</span> <span class='ocrx_word' id='word_1_156' title='bbox 1173 2201 1290 2266; x_wconf 88' lang='lat' dir='ltr'>est,</span> <span class='ocrx_word' id='word_1_157' title='bbox 1357 2192 1535 2274; x_wconf 90' lang='lat' dir='ltr'>quod</span> <span class='ocrx_word' id='word_1_158' title='bbox 1596 2193 1721 2254; x_wconf 91' lang='lat' dir='ltr'>iam</span> <span class='ocrx_word' id='word_1_159' title='bbox 1795 2213 1903 2254; x_wconf 91' lang='lat' dir='ltr'>eas</span> <span class='ocrx_word' id='word_1_160' title='bbox 1950 2191 2264 2253; x_wconf 85' lang='lat' dir='ltr'>Pausania</span> <span class='ocrx_word' id='word_1_161' title='bbox 2325 2206 2590 2252; x_wconf 83' lang='lat' dir='ltr'>auctore</span> <span class='ocrx_word' id='word_1_162' title='bbox 2648 2206 3029 2270; x_wconf 87' lang='lat' dir='ltr'>composue-</span> <span class='ocrx_word' id='word_1_163' title='bbox 3117 2202 3130 2207; x_wconf 84' lang='grc'><strong>’</strong></span> 
     </span>
    </p>
   </div>
   <div class='ocr_carea' id='block_1_5' title="bbox 427 2297 3029 2607">
    <p class='ocr_par' dir='ltr' id='par_1_5' title="bbox 427 2297 3029 2607">
     <span class='ocr_line' id='line_1_19' title="bbox 432 2297 3029 2384; baseline -0.001 -26"><span class='ocrx_word' id='word_1_164' title='bbox 432 2309 592 2365; x_wconf 90' lang='lat' dir='ltr'>rant.</span> <span class='ocrx_word' id='word_1_165' title='bbox 685 2300 911 2384; x_wconf 85' lang='lat' dir='ltr'>Atque</span> <span class='ocrx_word' id='word_1_166' title='bbox 959 2310 1212 2363; x_wconf 88' lang='lat' dir='ltr'>tantum</span> <span class='ocrx_word' id='word_1_167' title='bbox 1259 2301 1464 2374; x_wconf 86' lang='lat' dir='ltr'>abest,</span> <span class='ocrx_word' id='word_1_168' title='bbox 1518 2311 1588 2363; x_wconf 91' lang='lat' dir='ltr'>ut</span> <span class='ocrx_word' id='word_1_169' title='bbox 1622 2303 1785 2364; x_wconf 92' lang='lat' dir='ltr'>inter</span> <span class='ocrx_word' id='word_1_170' title='bbox 1834 2322 1941 2364; x_wconf 89' lang='lat' dir='ltr'>eas</span> <span class='ocrx_word' id='word_1_171' title='bbox 1976 2301 2327 2369; x_wconf 81' lang='lat' dir='ltr'>omiserint,</span> <span class='ocrx_word' id='word_1_172' title='bbox 2379 2298 2717 2382; x_wconf 90' lang='lat' dir='ltr'>quomodo</span> <span class='ocrx_word' id='word_1_173' title='bbox 2753 2297 3029 2358; x_wconf 89' lang='lat' dir='ltr'>reditum</span> 
     </span>
     <span class='ocr_line' id='line_1_20' title="bbox 427 2408 2809 2483; baseline -0.001 -13"><span class='ocrx_word' id='word_1_174' title='bbox 427 2410 781 2470; x_wconf 87' lang='lat' dir='ltr'>assecuturi</span> <span class='ocrx_word' id='word_1_175' title='bbox 830 2422 1066 2483; x_wconf 89' lang='lat' dir='ltr'>essent,</span> <span class='ocrx_word' id='word_1_176' title='bbox 1118 2421 1187 2472; x_wconf 92' lang='lat' dir='ltr'>ut</span> <span class='ocrx_word' id='word_1_177' title='bbox 1233 2430 1488 2472; x_wconf 89' lang='lat' dir='ltr'>summa</span> <span class='ocrx_word' id='word_1_178' title='bbox 1535 2432 1755 2474; x_wconf 88' lang='lat' dir='ltr'>earum</span> <span class='ocrx_word' id='word_1_179' title='bbox 1802 2411 1963 2473; x_wconf 90' lang='lat' dir='ltr'>haec</span> <span class='ocrx_word' id='word_1_180' title='bbox 2011 2411 2311 2477; x_wconf 90' lang='lat' dir='ltr'>condicio</span> <span class='ocrx_word' id='word_1_181' title='bbox 2359 2409 2662 2471; x_wconf 85' lang='lat' dir='ltr'>habenda</span> <span class='ocrx_word' id='word_1_182' title='bbox 2710 2408 2809 2469; x_wconf 88' lang='lat' dir='ltr'>sit.</span> 
     </span>
     <span class='ocr_line' id='line_1_21' title="bbox 643 2516 3029 2607; baseline -0.002 -26"><span class='ocrx_word' id='word_1_183' title='bbox 643 2519 807 2607; x_wconf 88' lang='lat' dir='ltr'>Pace</span> <span class='ocrx_word' id='word_1_184' title='bbox 855 2531 1076 2583; x_wconf 88' lang='lat' dir='ltr'>autem</span> <span class='ocrx_word' id='word_1_185' title='bbox 1124 2524 1490 2607; x_wconf 88' lang='lat' dir='ltr'>composita</span> <span class='ocrx_word' id='word_1_186' title='bbox 1539 2532 1603 2585; x_wconf 92' lang='lat' dir='ltr'>et</span> <span class='ocrx_word' id='word_1_187' title='bbox 1654 2524 2064 2584; x_wconf 89' lang='lat' dir='ltr'>iureiurando</span> <span class='ocrx_word' id='word_1_188' title='bbox 2112 2532 2336 2583; x_wconf 88' lang='lat' dir='ltr'>sancta</span> <span class='ocrx_word' id='word_1_189' title='bbox 2386 2520 2445 2581; x_wconf 86' lang='lat' dir='ltr'>in</span> <span class='ocrx_word' id='word_1_190' title='bbox 2497 2520 2725 2581; x_wconf 88' lang='lat' dir='ltr'>urbem</span> <span class='ocrx_word' id='word_1_191' title='bbox 2773 2516 3029 2579; x_wconf 84' lang='lat' dir='ltr'>exsules</span> 
     </span>
    </p>
   </div>
   <div class='ocr_carea' id='block_1_6' title="bbox 416 2630 3027 2723">
    <p class='ocr_par' dir='ltr' id='par_1_6' title="bbox 416 2630 3027 2723">
     <span class='ocr_line' id='line_1_22' title="bbox 416 2630 3027 2723; baseline -0.001 -33"><span class='ocrx_word' id='word_1_192' title='bbox 416 2631 773 2722; x_wconf 81' lang='lat' dir='ltr'>redierunt,</span> <span class='ocrx_word' id='word_1_193' title='bbox 825 2651 1017 2715; x_wconf 89' lang='lat' dir='ltr'>quem</span> <span class='ocrx_word' id='word_1_194' title='bbox 1070 2632 1403 2695; x_wconf 87' lang='lat' dir='ltr'>introitum</span> <span class='ocrx_word' id='word_1_195' title='bbox 1463 2632 1698 2694; x_wconf 87' lang='lat' dir='ltr'>festum</span> <span class='ocrx_word' id='word_1_196' title='bbox 1760 2633 2103 2723; x_wconf 86' lang='lat' dir='ltr'>praecipue</span> <span class='ocrx_word' id='word_1_197' title='bbox 2152 2631 2413 2711; x_wconf 83' lang='lat' dir='ltr'>Lysiam</span> <span class='ocrx_word' id='word_1_198' title='bbox 2462 2630 2609 2691; x_wconf 84' lang='lat' dir='ltr'>XIII</span> <span class='ocrx_word' id='word_1_199' title='bbox 2662 2631 2746 2691; x_wconf 88' lang='lat'>80</span> <span class='ocrx_word' id='word_1_200' title='bbox 2792 2650 2885 2711; x_wconf 90' lang='lat' dir='ltr'>sq.</span> <span class='ocrx_word' id='word_1_201' title='bbox 2938 2648 3027 2688; x_wconf 92' lang='lat' dir='ltr'>se-</span> 
     </span>
    </p>
   </div>
   <div class='ocr_carea' id='block_1_7' title="bbox 427 2738 3080 4592">
    <p class='ocr_par' dir='ltr' id='par_1_7' title="bbox 427 2738 3080 4592">
     <span class='ocr_line' id='line_1_23' title="bbox 427 2738 3023 2826; baseline -0.002 -24"><span class='ocrx_word' id='word_1_202' title='bbox 427 2741 558 2802; x_wconf 92' lang='lat' dir='ltr'>cuti</span> <span class='ocrx_word' id='word_1_203' title='bbox 623 2742 740 2802; x_wconf 89' lang='lat' dir='ltr'>viri</span> <span class='ocrx_word' id='word_1_204' title='bbox 811 2742 990 2803; x_wconf 90' lang='lat' dir='ltr'>docti</span> <span class='ocrx_word' id='word_1_205' title='bbox 1058 2744 1448 2804; x_wconf 89' lang='lat' dir='ltr'>recentiores</span> <span class='ocrx_word' id='word_1_206' title='bbox 1520 2743 1886 2826; x_wconf 88' lang='lat' dir='ltr'>complures</span> <span class='ocrx_word' id='word_1_207' title='bbox 1955 2751 2126 2804; x_wconf 90' lang='lat' dir='ltr'>recte</span> <span class='ocrx_word' id='word_1_208' title='bbox 2199 2750 2474 2822; x_wconf 86' lang='lat' dir='ltr'>narrant.</span> <span class='ocrx_word' id='word_1_209' title='bbox 2581 2738 2736 2799; x_wconf 86' lang='lat' dir='ltr'>Belli</span> <span class='ocrx_word' id='word_1_210' title='bbox 2785 2747 3023 2816; x_wconf 39' lang='lat' dir='ltr'>,autem</span> 
     </span>
     <span class='ocr_line' id='line_1_24' title="bbox 430 2847 3033 2936; baseline -0.001 -25"><span class='ocrx_word' id='word_1_211' title='bbox 430 2850 739 2913; x_wconf 87' lang='lat' dir='ltr'>Eleusinii</span> <span class='ocrx_word' id='word_1_212' title='bbox 786 2862 1042 2934; x_wconf 85' lang='lat' dir='ltr'>praeter</span> <span class='ocrx_word' id='word_1_213' title='bbox 1072 2852 1578 2936; x_wconf 84' lang='lat' dir='ltr'>Xenophontem</span> <span class='ocrx_word' id='word_1_214' title='bbox 1628 2863 1692 2914; x_wconf 91' lang='lat' dir='ltr'>et</span> <span class='ocrx_word' id='word_1_215' title='bbox 1730 2853 2050 2933; x_wconf 88' lang='lat' dir='ltr'>Justinum</span> <span class='ocrx_word' id='word_1_216' title='bbox 2102 2873 2265 2913; x_wconf 88' lang='lat' dir='ltr'>unus</span> <span class='ocrx_word' id='word_1_217' title='bbox 2309 2851 2487 2911; x_wconf 87' lang='lat' dir='ltr'>Plato</span> <span class='ocrx_word' id='word_1_218' title='bbox 2523 2850 2689 2910; x_wconf 90' lang='lat' dir='ltr'>Men.</span> <span class='ocrx_word' id='word_1_219' title='bbox 2755 2866 2829 2923; x_wconf 83' lang='lat'>14</span> <span class='ocrx_word' id='word_1_220' title='bbox 2877 2847 3033 2909; x_wconf 87' lang='lat' dir='ltr'>facit</span> 
     </span>
     <span class='ocr_line' id='line_1_25' title="bbox 433 2956 3034 3047; baseline -0.001 -25"><span class='ocrx_word' id='word_1_221' title='bbox 433 2963 831 3023; x_wconf 89' lang='lat' dir='ltr'>mentionem</span> <span class='ocrx_word' id='word_1_222' title='bbox 867 2973 931 3024; x_wconf 91' lang='lat' dir='ltr'>et</span> <span class='ocrx_word' id='word_1_223' title='bbox 963 2962 1180 3024; x_wconf 88' lang='lat' dir='ltr'>laudat</span> <span class='ocrx_word' id='word_1_224' title='bbox 1211 2962 1646 3025; x_wconf 83' lang='lat' dir='ltr'>Athenienses</span> <span class='ocrx_word' id='word_1_225' title='bbox 1681 2974 1945 3047; x_wconf 85' lang='lat' dir='ltr'>propter</span> <span class='ocrx_word' id='word_1_226' title='bbox 1978 2961 2524 3025; x_wconf 85' lang='lat' dir='ltr'>moderationem:</span> <span class='ocrx_word' id='word_1_227' title='bbox 2580 2957 2737 3022; x_wconf 72' lang='grc' dir='ltr'>»τόν</span> <span class='ocrx_word' id='word_1_228' title='bbox 2767 2979 2839 3021; x_wconf 85' lang='grc' dir='ltr'>τε</span> <span class='ocrx_word' id='word_1_229' title='bbox 2864 2956 3034 3040; x_wconf 76' lang='grc' dir='ltr'><em>,πρὸς</em></span> 
     </span>
     <span class='ocr_line' id='line_1_26' title="bbox 433 3065 3037 3157; baseline -0.002 -24"><span class='ocrx_word' id='word_1_230' title='bbox 433 3069 590 3144; x_wconf 79' lang='grc' dir='ltr'><em>τοὺς</em></span> <span class='ocrx_word' id='word_1_231' title='bbox 637 3065 946 3136; x_wconf 71' lang='grc' dir='ltr'><em>Ἐλευσῖνι</em></span> <span class='ocrx_word' id='word_1_232' title='bbox 1005 3071 1293 3155; x_wconf 76' lang='grc' dir='ltr'><em>πόλεμον</em></span> <span class='ocrx_word' id='word_1_233' title='bbox 1335 3066 1425 3148; x_wconf 77' lang='grc' dir='ltr'>ὡς</span> <span class='ocrx_word' id='word_1_234' title='bbox 1482 3074 1762 3157; x_wconf 77' lang='grc' dir='ltr'><em>μετρίως</em></span> <span class='ocrx_word' id='word_1_235' title='bbox 1820 3069 2116 3148; x_wconf 52' lang='lat' dir='ltr'>wevra„</span> <span class='ocrx_word' id='word_1_236' title='bbox 2186 3091 2353 3156; x_wconf 91' lang='lat' dir='ltr'>quae</span> <span class='ocrx_word' id='word_1_237' title='bbox 2412 3069 2551 3131; x_wconf 90' lang='lat' dir='ltr'>laus</span> <span class='ocrx_word' id='word_1_238' title='bbox 2610 3068 2855 3131; x_wconf 91' lang='lat' dir='ltr'>insidiis</span> <span class='ocrx_word' id='word_1_239' title='bbox 2922 3067 3037 3128; x_wconf 88' lang='lat' dir='ltr'>illis</span> 
     </span>
     <span class='ocr_line' id='line_1_27' title="bbox 434 3177 3037 3267; baseline -0.002 -24"><span class='ocrx_word' id='word_1_240' title='bbox 434 3180 746 3260; x_wconf 85' lang='lat' dir='ltr'>neglectis</span> <span class='ocrx_word' id='word_1_241' title='bbox 791 3201 922 3244; x_wconf 92' lang='lat' dir='ltr'>non</span> <span class='ocrx_word' id='word_1_242' title='bbox 970 3182 1294 3245; x_wconf 90' lang='lat' dir='ltr'>immerito</span> <span class='ocrx_word' id='word_1_243' title='bbox 1341 3185 1433 3245; x_wconf 89' lang='lat' dir='ltr'>eis</span> <span class='ocrx_word' id='word_1_244' title='bbox 1503 3184 1823 3257; x_wconf 88' lang='lat' dir='ltr'>tribuitur,</span> <span class='ocrx_word' id='word_1_245' title='bbox 1897 3185 2050 3266; x_wconf 81' lang='lat' dir='ltr'>quia</span> <span class='ocrx_word' id='word_1_246' title='bbox 2098 3183 2317 3267; x_wconf 88' lang='lat' dir='ltr'>paucis</span> <span class='ocrx_word' id='word_1_247' title='bbox 2363 3180 2635 3242; x_wconf 87' lang='lat' dir='ltr'>ducibus</span> <span class='ocrx_word' id='word_1_248' title='bbox 2683 3177 3037 3240; x_wconf 88' lang='lat' dir='ltr'>interfectis</span> 
     </span>
     <span class='ocr_line' id='line_1_28' title="bbox 434 3286 3034 3377; baseline -0.002 -24"><span class='ocrx_word' id='word_1_249' title='bbox 434 3292 666 3354; x_wconf 90' lang='lat' dir='ltr'>ceteris</span> <span class='ocrx_word' id='word_1_250' title='bbox 726 3301 1156 3376; x_wconf 89' lang='lat' dir='ltr'>pepercerunt</span> <span class='ocrx_word' id='word_1_251' title='bbox 1211 3302 1276 3355; x_wconf 94' lang='lat' dir='ltr'>et</span> <span class='ocrx_word' id='word_1_252' title='bbox 1339 3313 1451 3355; x_wconf 84' lang='lat' dir='ltr'>eos</span> <span class='ocrx_word' id='word_1_253' title='bbox 1510 3294 1574 3355; x_wconf 89' lang='lat' dir='ltr'>in</span> <span class='ocrx_word' id='word_1_254' title='bbox 1639 3295 1866 3355; x_wconf 91' lang='lat' dir='ltr'>urbem</span> <span class='ocrx_word' id='word_1_255' title='bbox 1916 3301 2299 3377; x_wconf 87' lang='lat' dir='ltr'>receperunt</span> <span class='ocrx_word' id='word_1_256' title='bbox 2347 3302 2414 3353; x_wconf 92' lang='lat' dir='ltr'>et</span> <span class='ocrx_word' id='word_1_257' title='bbox 2461 3290 2833 3352; x_wconf 88' lang='lat' dir='ltr'>iniuriarum</span> <span class='ocrx_word' id='word_1_258' title='bbox 2880 3286 3034 3349; x_wconf 92' lang='lat' dir='ltr'>obli-</span> 
     </span>
     <span class='ocr_line' id='line_1_29' title="bbox 435 3399 3029 3486; baseline -0.002 -24"><span class='ocrx_word' id='word_1_259' title='bbox 435 3401 697 3463; x_wconf 89' lang='lat' dir='ltr'>vionem</span> <span class='ocrx_word' id='word_1_260' title='bbox 760 3403 853 3465; x_wconf 90' lang='lat' dir='ltr'>eis</span> <span class='ocrx_word' id='word_1_261' title='bbox 913 3402 1365 3485; x_wconf 87' lang='lat' dir='ltr'>praebuerunt.</span> <span class='ocrx_word' id='word_1_262' title='bbox 1460 3403 1784 3466; x_wconf 85' lang='lat' dir='ltr'>Monstrat</span> <span class='ocrx_word' id='word_1_263' title='bbox 1848 3412 2182 3486; x_wconf 88' lang='lat' dir='ltr'>praeterea</span> <span class='ocrx_word' id='word_1_264' title='bbox 2228 3400 2346 3463; x_wconf 90' lang='lat' dir='ltr'>has</span> <span class='ocrx_word' id='word_1_265' title='bbox 2380 3401 2660 3464; x_wconf 79' lang='lat' dir='ltr'>‚insidias</span> <span class='ocrx_word' id='word_1_266' title='bbox 2705 3399 3029 3461; x_wconf 91' lang='lat' dir='ltr'>Isocrates</span> 
     </span>
     <span class='ocr_line' id='line_1_30' title="bbox 435 3507 2905 3591; baseline -0.001 -17"><span class='ocrx_word' id='word_1_267' title='bbox 435 3510 555 3574; x_wconf 90' lang='lat' dir='ltr'>VII</span> <span class='ocrx_word' id='word_1_268' title='bbox 602 3512 685 3591; x_wconf 88' lang='lat'>67</span> <span class='ocrx_word' id='word_1_269' title='bbox 736 3513 987 3580; x_wconf 83' lang='lat' dir='ltr'>verbis:</span> <span class='ocrx_word' id='word_1_270' title='bbox 1045 3508 1323 3588; x_wconf 74' lang='grc' dir='ltr'><em>»αὐτοὺς</em></span> <span class='ocrx_word' id='word_1_271' title='bbox 1368 3512 1525 3587; x_wconf 81' lang='grc' dir='ltr'><strong><em>τοὺς</em></strong></span> <span class='ocrx_word' id='word_1_272' title='bbox 1564 3512 2002 3588; x_wconf 73' lang='grc' dir='ltr'><em>αἰτιωτάτους</em></span> <span class='ocrx_word' id='word_1_273' title='bbox 2047 3519 2184 3575; x_wconf 75' lang='grc' dir='ltr'>τῶν</span> <span class='ocrx_word' id='word_1_274' title='bbox 2228 3519 2452 3575; x_wconf 73' lang='grc' dir='ltr'><em>κακῶν</em></span> <span class='ocrx_word' id='word_1_275' title='bbox 2500 3507 2905 3583; x_wconf 56' lang='grc' dir='ltr'><em>ἀνελόντες(</em></span> 
     </span>
     <span class='ocr_line' id='line_1_31' title="bbox 648 3620 3035 3705; baseline -0.003 -21"><span class='ocrx_word' id='word_1_276' title='bbox 648 3620 845 3702; x_wconf 80' lang='lat' dir='ltr'>Quod</span> <span class='ocrx_word' id='word_1_277' title='bbox 888 3632 1109 3685; x_wconf 90' lang='lat' dir='ltr'>autem</span> <span class='ocrx_word' id='word_1_278' title='bbox 1156 3624 1239 3685; x_wconf 90' lang='lat' dir='ltr'>ad</span> <span class='ocrx_word' id='word_1_279' title='bbox 1285 3624 1670 3685; x_wconf 87' lang='lat' dir='ltr'>amnestiam</span> <span class='ocrx_word' id='word_1_280' title='bbox 1716 3625 1925 3705; x_wconf 90' lang='lat' dir='ltr'>ipsam</span> <span class='ocrx_word' id='word_1_281' title='bbox 1972 3624 2221 3695; x_wconf 87' lang='lat' dir='ltr'>attinet,</span> <span class='ocrx_word' id='word_1_282' title='bbox 2275 3632 2472 3684; x_wconf 90' lang='lat' dir='ltr'>restat</span> <span class='ocrx_word' id='word_1_283' title='bbox 2535 3620 2833 3705; x_wconf 90' lang='lat' dir='ltr'>quaestio</span> <span class='ocrx_word' id='word_1_284' title='bbox 2895 3638 3035 3699; x_wconf 86' lang='lat' dir='ltr'>gra-</span> 
     </span>
     <span class='ocr_line' id='line_1_32' title="bbox 435 3730 3035 3817; baseline -0 -24"><span class='ocrx_word' id='word_1_285' title='bbox 435 3730 697 3793; x_wconf 89' lang='lat' dir='ltr'>vissima</span> <span class='ocrx_word' id='word_1_286' title='bbox 742 3741 807 3794; x_wconf 90' lang='lat' dir='ltr'>et</span> <span class='ocrx_word' id='word_1_287' title='bbox 853 3732 1242 3806; x_wconf 86' lang='lat' dir='ltr'>difficillima,</span> <span class='ocrx_word' id='word_1_288' title='bbox 1294 3733 1376 3795; x_wconf 92' lang='lat' dir='ltr'>de</span> <span class='ocrx_word' id='word_1_289' title='bbox 1421 3755 1550 3817; x_wconf 90' lang='lat' dir='ltr'>qua</span> <span class='ocrx_word' id='word_1_290' title='bbox 1600 3754 1635 3795; x_wconf 90' lang='lat' dir='ltr'>e</span> <span class='ocrx_word' id='word_1_291' title='bbox 1680 3735 2101 3813; x_wconf 88' lang='lat' dir='ltr'>scriptoribus</span> <span class='ocrx_word' id='word_1_292' title='bbox 2151 3733 2365 3795; x_wconf 89' lang='lat' dir='ltr'>adhuc</span> <span class='ocrx_word' id='word_1_293' title='bbox 2424 3732 2823 3812; x_wconf 89' lang='lat' dir='ltr'>perlustratis</span> <span class='ocrx_word' id='word_1_294' title='bbox 2882 3731 3035 3792; x_wconf 90' lang='lat' dir='ltr'>diiu-</span> 
     </span>
     <span class='ocr_line' id='line_1_33' title="bbox 438 3842 3035 3927; baseline -0.001 -24"><span class='ocrx_word' id='word_1_295' title='bbox 438 3842 635 3904; x_wconf 89' lang='lat' dir='ltr'>dicari</span> <span class='ocrx_word' id='word_1_296' title='bbox 693 3862 822 3904; x_wconf 90' lang='lat' dir='ltr'>non</span> <span class='ocrx_word' id='word_1_297' title='bbox 883 3852 1137 3925; x_wconf 89' lang='lat' dir='ltr'>potest,</span> <span class='ocrx_word' id='word_1_298' title='bbox 1203 3843 1539 3927; x_wconf 88' lang='lat' dir='ltr'>quomodo</span> <span class='ocrx_word' id='word_1_299' title='bbox 1598 3845 1856 3907; x_wconf 87' lang='lat' dir='ltr'>decreta</span> <span class='ocrx_word' id='word_1_300' title='bbox 1902 3845 1984 3906; x_wconf 90' lang='lat' dir='ltr'>sit</span> <span class='ocrx_word' id='word_1_301' title='bbox 2028 3854 2094 3906; x_wconf 91' lang='lat' dir='ltr'>et</span> <span class='ocrx_word' id='word_1_302' title='bbox 2138 3842 2571 3925; x_wconf 86' lang='lat' dir='ltr'>promulgata.</span> <span class='ocrx_word' id='word_1_303' title='bbox 2669 3842 3035 3922; x_wconf 78' lang='lat' dir='ltr'>Quominus</span> 
     </span>
     <span class='ocr_line' id='line_1_34' title="bbox 437 3951 3080 4038; baseline -0.001 -25"><span class='ocrx_word' id='word_1_304' title='bbox 437 3961 746 4032; x_wconf 88' lang='lat' dir='ltr'>putemus</span> <span class='ocrx_word' id='word_1_305' title='bbox 790 3952 1224 4016; x_wconf 90' lang='lat' dir='ltr'>Athenienses</span> <span class='ocrx_word' id='word_1_306' title='bbox 1272 3974 1420 4016; x_wconf 87' lang='lat' dir='ltr'>cum</span> <span class='ocrx_word' id='word_1_307' title='bbox 1467 3956 1575 4028; x_wconf 85' lang='lat' dir='ltr'>eiS,</span> <span class='ocrx_word' id='word_1_308' title='bbox 1625 3955 1736 4038; x_wconf 88' lang='lat' dir='ltr'>qui</span> <span class='ocrx_word' id='word_1_309' title='bbox 1783 3954 2085 4017; x_wconf 89' lang='lat' dir='ltr'>Eleusine</span> <span class='ocrx_word' id='word_1_310' title='bbox 2132 3964 2329 4027; x_wconf 90' lang='lat' dir='ltr'>erant,</span> <span class='ocrx_word' id='word_1_311' title='bbox 2392 3972 2625 4032; x_wconf 91' lang='lat' dir='ltr'>pacem</span> <span class='ocrx_word' id='word_1_312' title='bbox 2674 3951 2899 4014; x_wconf 89' lang='lat' dir='ltr'>fecisse</span> <span class='ocrx_word' id='word_1_313' title='bbox 2959 3971 3035 4012; x_wconf 91' lang='lat' dir='ltr'>ea</span> <span class='ocrx_word' id='word_1_314' title='bbox 3076 3988 3080 3992; x_wconf 77' lang='lat'><strong>.</strong></span> 
     </span>
     <span class='ocr_line' id='line_1_35' title="bbox 438 4062 3031 4137; baseline -0.001 -12"><span class='ocrx_word' id='word_1_315' title='bbox 438 4082 692 4125; x_wconf 90' lang='lat' dir='ltr'>summa</span> <span class='ocrx_word' id='word_1_316' title='bbox 737 4065 1136 4137; x_wconf 90' lang='lat' dir='ltr'>condicione,</span> <span class='ocrx_word' id='word_1_317' title='bbox 1189 4072 1260 4125; x_wconf 90' lang='lat' dir='ltr'>ut</span> <span class='ocrx_word' id='word_1_318' title='bbox 1305 4065 1620 4128; x_wconf 87' lang='lat' dir='ltr'>amnestia</span> <span class='ocrx_word' id='word_1_319' title='bbox 1665 4065 1757 4126; x_wconf 88' lang='lat' dir='ltr'>eis</span> <span class='ocrx_word' id='word_1_320' title='bbox 1811 4075 1876 4127; x_wconf 90' lang='lat' dir='ltr'>et</span> <span class='ocrx_word' id='word_1_321' title='bbox 1922 4064 2112 4126; x_wconf 89' lang='lat' dir='ltr'>simul</span> <span class='ocrx_word' id='word_1_322' title='bbox 2159 4063 2457 4125; x_wconf 83' lang='lat' dir='ltr'>omnibus</span> <span class='ocrx_word' id='word_1_323' title='bbox 2502 4062 3031 4133; x_wconf 83' lang='lat' dir='ltr'>AtheniensibuS,</span> 
     </span>
     <span class='ocr_line' id='line_1_36' title="bbox 438 4171 3032 4257; baseline -0.002 -23"><span class='ocrx_word' id='word_1_324' title='bbox 438 4173 672 4256; x_wconf 90' lang='lat' dir='ltr'>quibus</span> <span class='ocrx_word' id='word_1_325' title='bbox 720 4173 1199 4255; x_wconf 79' lang='lat' dir='ltr'>tali‘praesidio</span> <span class='ocrx_word' id='word_1_326' title='bbox 1248 4193 1414 4255; x_wconf 89' lang='lat' dir='ltr'>opus</span> <span class='ocrx_word' id='word_1_327' title='bbox 1462 4183 1649 4247; x_wconf 87' lang='lat' dir='ltr'>esset,</span> <span class='ocrx_word' id='word_1_328' title='bbox 1697 4176 1974 4248; x_wconf 90' lang='lat' dir='ltr'>daretur,</span> <span class='ocrx_word' id='word_1_329' title='bbox 2024 4185 2280 4257; x_wconf 89' lang='lat' dir='ltr'>praeter</span> <span class='ocrx_word' id='word_1_330' title='bbox 2343 4172 2498 4234; x_wconf 86' lang='lat' dir='ltr'>alios</span> <span class='ocrx_word' id='word_1_331' title='bbox 2544 4173 2816 4254; x_wconf 91' lang='lat' dir='ltr'>impedit</span> <span class='ocrx_word' id='word_1_332' title='bbox 2847 4171 3032 4251; x_wconf 88' lang='lat' dir='ltr'>Justi-</span> 
     </span>
     <span class='ocr_line' id='line_1_37' title="bbox 437 4282 3032 4371; baseline -0.001 -27"><span class='ocrx_word' id='word_1_333' title='bbox 437 4302 576 4356; x_wconf 87' lang='lat' dir='ltr'>nus,</span> <span class='ocrx_word' id='word_1_334' title='bbox 612 4283 720 4367; x_wconf 92' lang='lat' dir='ltr'>qui</span> <span class='ocrx_word' id='word_1_335' title='bbox 753 4282 787 4344; x_wconf 95' lang='lat' dir='ltr'>l.</span> <span class='ocrx_word' id='word_1_336' title='bbox 827 4283 863 4344; x_wconf 93' lang='lat' dir='ltr'>l.</span> <span class='ocrx_word' id='word_1_337' title='bbox 900 4283 1136 4346; x_wconf 90' lang='lat' dir='ltr'>diserte</span> <span class='ocrx_word' id='word_1_338' title='bbox 1166 4294 1401 4360; x_wconf 88' lang='lat' dir='ltr'>narrat,</span> <span class='ocrx_word' id='word_1_339' title='bbox 1437 4296 1881 4371; x_wconf 89' lang='lat' dir='ltr'>postquam</span> <span class='ocrx_word' id='word_1_340' title='bbox 1915 4285 2255 4348; x_wconf 87' lang='lat' dir='ltr'>Eleusiniis</span> <span class='ocrx_word' id='word_1_341' title='bbox 2281 4284 2343 4345; x_wconf 91' lang='lat' dir='ltr'>in</span> <span class='ocrx_word' id='word_1_342' title='bbox 2378 4284 2605 4345; x_wconf 91' lang='lat' dir='ltr'>urbem</span> <span class='ocrx_word' id='word_1_343' title='bbox 2638 4283 2925 4344; x_wconf 86' lang='lat' dir='ltr'>reversis·</span> <span class='ocrx_word' id='word_1_344' title='bbox 2951 4282 3032 4343; x_wconf 85' lang='lat' dir='ltr'>ci-</span> 
     </span>
     <span class='ocr_line' id='line_1_38' title="bbox 440 4393 3031 4474; baseline -0.001 -21"><span class='ocrx_word' id='word_1_345' title='bbox 440 4394 604 4455; x_wconf 90' lang='lat' dir='ltr'>vitas</span> <span class='ocrx_word' id='word_1_346' title='bbox 651 4394 714 4454; x_wconf 90' lang='lat' dir='ltr'>in</span> <span class='ocrx_word' id='word_1_347' title='bbox 748 4414 946 4457; x_wconf 90' lang='lat' dir='ltr'>unum</span> <span class='ocrx_word' id='word_1_348' title='bbox 980 4413 1217 4474; x_wconf 92' lang='lat' dir='ltr'>corpus</span> <span class='ocrx_word' id='word_1_349' title='bbox 1250 4397 1512 4458; x_wconf 89' lang='lat' dir='ltr'>redacta</span> <span class='ocrx_word' id='word_1_350' title='bbox 1546 4406 1735 4470; x_wconf 89' lang='lat' dir='ltr'>esset,</span> <span class='ocrx_word' id='word_1_351' title='bbox 1788 4417 2015 4459; x_wconf 90' lang='lat' dir='ltr'>omnes</span> <span class='ocrx_word' id='word_1_352' title='bbox 2049 4393 2456 4460; x_wconf 86' lang='lat' dir='ltr'>iureiurando</span> <span class='ocrx_word' id='word_1_353' title='bbox 2491 4393 2839 4455; x_wconf 87' lang='lat' dir='ltr'>obstrictos</span> <span class='ocrx_word' id='word_1_354' title='bbox 2873 4410 3031 4453; x_wconf 89' lang='lat' dir='ltr'>esse.</span> 
     </span>
     <span class='ocr_line' id='line_1_39' title="bbox 437 4502 3024 4592; baseline -0.001 -27"><span class='ocrx_word' id='word_1_355' title='bbox 437 4504 588 4583; x_wconf 78' lang='lat' dir='ltr'>Qua</span> <span class='ocrx_word' id='word_1_356' title='bbox 651 4504 734 4566; x_wconf 95' lang='lat' dir='ltr'>de</span> <span class='ocrx_word' id='word_1_357' title='bbox 793 4525 986 4567; x_wconf 89' lang='lat' dir='ltr'>causa</span> <span class='ocrx_word' id='word_1_358' title='bbox 1047 4513 1289 4567; x_wconf 91' lang='lat' dir='ltr'>statuat</span> <span class='ocrx_word' id='word_1_359' title='bbox 1342 4506 1488 4592; x_wconf 90' lang='lat' dir='ltr'>quis</span> <span class='ocrx_word' id='word_1_360' title='bbox 1547 4508 1633 4568; x_wconf 87' lang='lat' dir='ltr'>ab</span> <span class='ocrx_word' id='word_1_361' title='bbox 1694 4506 1995 4569; x_wconf 89' lang='lat' dir='ltr'>omnibus</span> <span class='ocrx_word' id='word_1_362' title='bbox 2042 4504 2553 4567; x_wconf 84' lang='lat' dir='ltr'>Atheniensibus</span> <span class='ocrx_word' id='word_1_363' title='bbox 2600 4502 3024 4564; x_wconf 89' lang='lat' dir='ltr'>reconciliatis</span> 
     </span>
    </p>
   </div>
   <div class='ocr_carea' id='block_1_8' title="bbox 3444 0 3448 633">
    <p class='ocr_par' dir='ltr' id='par_1_8' title="bbox 3444 0 3448 633">
     <span class='ocr_line' id='line_1_40' title="bbox 3444 0 3448 633; baseline 0 0"><span class='ocrx_word' id='word_1_364' title='bbox 3444 0 3448 633; x_wconf 95' lang='lat' dir='ltr'> </span> 
     </span>
    </p>
   </div>
   <div class='ocr_carea' id='block_1_9' title="bbox 3444 2060 3447 2752">
    <p class='ocr_par' dir='ltr' id='par_1_9' title="bbox 3444 2060 3447 2752">
     <span class='ocr_line' id='line_1_41' title="bbox 3444 2060 3447 2752; baseline 0 0"><span class='ocrx_word' id='word_1_365' title='bbox 3444 2060 3447 2752; x_wconf 95' lang='lat' dir='ltr'> </span> 
     </span>
    </p>
   </div>
   <div class='ocr_carea' id='block_1_10' title="bbox 3443 3461 3449 5004">
    <p class='ocr_par' dir='ltr' id='par_1_10' title="bbox 3443 3461 3449 5004">
     <span class='ocr_line' id='line_1_42' title="bbox 3443 3461 3449 5004; baseline 0 0"><span class='ocrx_word' id='word_1_366' title='bbox 3443 3461 3449 5004; x_wconf 95' lang='lat' dir='ltr'> </span> 
     </span>
    </p>
   </div>
  </div>
 </body>
</html>
