3459 5050
1500 293 1582 354 43

254 493 381 553 iam
430 490 587 552 vidit
633 489 1074 569 Wyttenbach
1139 500 1204 552 et
1250 500 1401 573 post
1450 489 1919 553 Schneiderum
1980 488 2112 552 fere
2175 510 2407 553 omnes
2467 490 2853 571 interpretes

256 610 318 665 et
362 584 644 664 editores
691 600 1078 663 concedunt.
1170 601 1320 662 Non
1365 600 1536 662 enim
1590 600 2021 681 intellegitur,
2087 620 2219 682 quo
2264 600 2468 662 verba
2521 597 2618 664 »οἱ
2666 616 2851 682 στρα-

257 712 470 796 τηγοί«
545 709 882 772 referenda
940 710 1085 773 sint.
1184 710 1734 791 Intellegebantur
1767 710 1949 772 'olim
2005 710 2368 772 subiectum
2432 710 2610 772 verbi
2673 709 2857 776 κατέ-

253 826 477 906 βησαν,
524 842 720 903 quam
754 821 1354 904 interpretationem
1390 829 1651 883 secutus
1685 820 1967 884 Scheibe
2011 820 2113 883 1.l.
2152 843 2212 902 p.
2259 834 2400 901 135,
2451 840 2851 905 quamquam

255 953 383 996 non
448 931 727 994 dilucide
791 933 1097 1014 exponit,
1158 932 1314 1013 quid
1376 932 1640 1005 sentiat,
1714 932 1949 993 docere
2014 932 2269 994 videtur
2328 932 2526 994 duces
2574 932 2747 995 solos
2792 932 2856 996 in

253 1063 464 1105 arcem
524 1043 910 1115 ascendisse,
976 1042 1294 1125 populum
1360 1044 1580 1107 statim
1628 1063 1779 1105 cum
1823 1042 2028 1105 tribus
2073 1041 2191 1103 illis
2239 1041 2496 1104 milibus
2545 1043 2608 1105 in
2642 1043 2860 1124 Pycna

254 1153 655 1216 convenisse.
749 1153 883 1218 Sed
931 1153 1132 1215 verba
1186 1151 1281 1219 >oi
1344 1149 1399 1217 δ’
1443 1152 1514 1217 ἐκ
1573 1162 1692 1218 τοῦ
1739 1155 2062 1238 Πειραιῶς
2106 1148 2507 1229 ἀνελθόντες
2557 1153 2678 1218 σὺν
2722 1166 2861 1229 τοῖς

254 1258 481 1338 ὅπλοις
526 1265 721 1347 (quae
765 1272 1152 1338 sunt-arma,
1190 1284 1338 1338 non,
1389 1274 1459 1325 ut
1490 1264 1771 1327 Scheibe
1804 1282 2149 1347 perperam
2196 1263 2409 1337 docet,
2454 1261 2593 1348 ἱερὰ
2637 1263 2850 1349 σκεύη,

254 1374 331 1440 cf.
380 1374 643 1455 Lysiam
705 1373 854 1435 XIII
918 1375 993 1436 81
1067 1384 1132 1436 et
1189 1395 1357 1457 quae
1422 1373 1836 1455 Frohberger
1892 1374 1976 1436 ad
2034 1373 2207 1436 hunc
2252 1373 2468 1436 locum
2516 1368 2598 1436 de
2641 1374 2854 1437 verbis

252 1482 490 1550 ἔθεντο
533 1481 618 1548 τὰ
668 1478 877 1548 ὅπλα(
910 1486 1206 1567 annotat)
1252 1484 1342 1560 εἰς
1374 1483 1499 1568 τὴν
1531 1481 1934 1567 ἀκρόπολιν(
1973 1485 2130 1547 satis
2163 1484 2601 1565 comprobant
2630 1505 2857 1549 omnes

254 1595 509 1658 exsules
556 1595 618 1656 in
667 1614 881 1657 arcem
929 1596 1326 1669 ascendisse,
1378 1616 1544 1678 quos
1591 1595 1827 1659 deinde
1872 1596 1935 1657 in
1982 1594 2294 1657 contione
2342 1594 2601 1658 affuisse
2647 1596 2857 1659 elucet

253 1727 288 1769 e
335 1706 725 1787 Thrasybuli
773 1682 1001 1768 verbis·
1036 1708 1098 1790 (ᾖ
1135 1707 1281 1790 42):
1362 1702 1507 1770 »οὐ
1521 1705 1744 1789 μέντοι
1795 1726 1864 1787 γε
1909 1700 2111 1787 ὑμᾶςι
2166 1713 2309 1779 ete„
2360 1698 2594 1787 quibus
2640 1705 2856 1788 appel-

250 1817 485 1880 lantur.
583 1816 890 1898 Sequitur
947 1817 1176 1898 igitur,
1229 1825 1301 1879 ut
1363 1826 1540 1880 recte
1584 1815 1841 1879 Curtius
1889 1816 1927 1881 Ι.
1977 1815 2013 1878 l.
2065 1815 2153 1877 III
2197 1836 2259 1896 p.
2305 1834 2393 1894 40
2438 1816 2738 1897 exponit,
2788 1825 2858 1879 ut

254 1926 509 1991 exsules
557 1947 785 1989 omnes
831 1945 978 1989 cum
1028 1928 1303 1990 ducibus
1350 1926 1804 1990 descenderint
1850 1927 1914 1990 in
1961 1927 2181 2008 Pycna
2225 1927 2309 1987 ad
2354 1926 2658 2005 urbanos,
2707 1945 2855 1990 nam

257 2039 453 2103 etiam
514 2039 636 2101 hos
704 2038 769 2099 in
831 2058 974 2100 arce
1040 2037 1233 2101 fuisse
1257 2087 1270 2113 ,
1342 2047 1412 2100 ut
1457 2037 1887 2100 Breitenbach
1950 2038 2032 2099 ad
2081 2037 2254 2100 hunc
2300 2036 2514 2099 locum
2564 2046 2851 2111 annotat,

256 2168 467 2231 neque
530 2149 836 2211 traditum
905 2157 1001 2211 est
1066 2169 1278 2230 neque
1347 2147 1706 2210 verisimile.
1804 2128 2060 2228 Quibus
2121 2148 2204 2211 de
2252 2148 2461 2210 causis
2506 2148 2706 2210 verba
2759 2145 2855 2213 »οἱ

254 2259 640 2343 στρατηγοί(
694 2259 778 2321 ad
830 2258 1270 2343 »κατέβησανα
1318 2258 1486 2321 trahi
1522 2279 1653 2320 non
1685 2268 1978 2341 possunt,
2014 2278 2225 2340 neque
2256 2278 2404 2320 cum
2438 2259 2856 2341 sequentibus

251 2379 527 2452 possunt
588 2370 911 2450 coniungi.
1009 2370 1232 2451 Itaque
1296 2369 1478 2450 quia,
1535 2377 1649 2431 cur
1711 2368 2105 2450 interpolata
2169 2354 2247 2432 ea
2292 2368 2671 2444 habeamuS,
2722 2388 2853 2432 non

260 2480 580 2544 invenitur
635 2499 866 2553 causa,
926 2480 1196 2543 verbum
1244 2500 1388 2542 cum
1448 2479 1538 2542 eis
1599 2478 2125 2560 coniungendam
2188 2481 2503 2544 excidisse
2571 2489 2850 2565 oportet.

254 2591 443 2672 Quae
484 2591 714 2654 lacuna
762 2590 1012 2672 optime
1059 2591 1356 2672 expletur
1401 2590 1633 2654 Cobeti
1693 2590 2088 2665 coniectura,
2156 2611 2352 2673 quam
2396 2592 2571 2654 Kurz
2632 2567 2705 2655 et
2746 2593 2851 2654 alii

247 2703 727 2784 probaverunt:
785 2700 959 2765 »ἐπεὶ
1005 2699 1072 2792 δὲ
1117 2700 1502 2785 κατέβησαν,
1553 2699 1926 2788 [ἐκκλησίαν
1964 2700 2291 2786 ἐποίησαν]
2340 2700 2400 2767 οἱ
2439 2707 2851 2789 στρατηγοῖς

247 2813 400 2893 Qua
440 2812 717 2900 lectione
751 2831 977 2874 omnes
1024 2811 1432 2874 difficultates
1477 2812 1806 2884 tolluntur,
1856 2821 1923 2874 et
1967 2814 2120 2894 quia
2145 2814 2348 2876 verba
2379 2814 2743 2899 κατέβησαν
2789 2826 2856 2881 et

245 2920 560 3007 ἐποίησαν
615 2923 677 2985 in
737 2922 1000 2985 easdem
1041 2922 1284 2985 litteras
1326 2922 1653 2996 excidunt,
1697 2921 1879 2985 facile
1912 2922 2166 2985 librario
2201 2923 2579 3006 contingere
2614 2928 2848 3006 potuit,

248 3043 323 3096 ut
371 3033 457 3096 ab
504 3033 709 3097 altero
757 3034 842 3096 ad
890 3034 1159 3097 alterum
1205 3033 1548 3095 aberraret.

467 3144 564 3206 Ne
616 3145 753 3226 ipse
802 3145 1033 3206 eadem
1078 3144 1346 3216 ratione,
1397 3161 1592 3224 quam
1639 3144 1974 3225 impugno,
2022 3143 2147 3206 hoc
2206 3145 2355 3207 loco
2403 3146 2494 3208 uti
2542 3149 2848 3230 cuiquam

247 3255 496 3328 videar,
548 3255 949 3317 monendum
1013 3254 1169 3316 mihi
1230 3262 1331 3316 est
1393 3252 1779 3316 Grosserum
1830 3254 1935 3316 hic
1998 3256 2159 3317 duas
2222 3256 2504 3319 rationes
2563 3259 2848 3321 diversas

248 3364 637 3427 confudisse.
734 3365 974 3427 Multas
1022 3365 1345 3427 invenisse
1375 3365 1499 3427 sibi
1545 3365 1801 3427 videtur
1846 3385 1947 3428 res
1978 3385 2017 3427 a
2047 3364 2487 3448 Xenophonte
2534 3379 2844 3444 narrataS,

248 3475 528 3538 omissas
581 3475 665 3537 ab
699 3476 1148 3557 epitomatore,
1198 3475 1315 3538 sed
1359 3475 1481 3546 has
1525 3495 1753 3537 omnes
1799 3476 1917 3544 nisi
1968 3476 2060 3537 eis
2108 3476 2320 3549 rebuS,
2370 3497 2540 3558 quae
2600 3498 2845 3544 narran-

247 3595 375 3669 tur,
422 3586 816 3669 comparatis
867 3586 1153 3648 invenire
1201 3605 1332 3647 non
1379 3595 1616 3667 potest.
1707 3585 1857 3648 Hoc
1904 3595 2124 3648 autem
2171 3585 2338 3659 loco,
2401 3588 2453 3648 si
2513 3588 2655 3669 ipsa
2712 3610 2846 3652 ver-

250 3697 488 3758 borum
533 3705 854 3759 structura
903 3695 1128 3758 lacuna
1174 3695 1518 3758 manifesta
1565 3705 1680 3770 est,
1756 3696 2155 3780 epitomator
2226 3716 2372 3759 eam
2442 3717 2572 3761 non
2642 3701 2839 3762 admi·

252 3808 360 3880 sit,
414 3807 658 3890 quippe
708 3806 818 3891 qui
866 3826 997 3868 non
1059 3807 1269 3868 minus
1329 3826 1527 3888 quam
1573 3815 1800 3868 auctor
1848 3806 1985 3888 ipse
2032 3826 2288 3889 semper
2317 3807 2579 3869 studeat
2625 3808 2846 3890 plenas

250 3927 319 3980 et
382 3925 592 3986 rectas
651 3917 1006 3980 sententias
1060 3935 1474 3998 componere.
1585 3916 1869 3999 Oportet
1938 3917 2133 3997 igitur
2192 3917 2404 3999 ipsum
2462 3914 2844 3984 Grosserum

249 4037 540 4091 statuere
605 4047 687 4090 ex
757 4027 1043 4107 epitome
1103 4026 1249 4105 ipsa
1306 4026 1611 4090 nonnulla
1667 4028 1869 4091 verba
1928 4026 2265 4101 excidisse,
2330 4026 2561 4090 infelici
2624 4039 2843 4094 autem

252 4160 414 4202 casu
462 4119 670 4201 totam
703 4138 1059 4201 amnestiae
1093 4138 1391 4199 decretae
1413 4137 1856 4200 'narrationem
1890 4138 2204 4201 excidisse
2252 4137 2549 4217 profecto
2597 4159 2677 4203 ne
2709 4142 2847 4224 ipse

251 4250 521 4334 quidem
582 4249 954 4323 contendet,
1019 4248 1400 4330 praesertim
1448 4268 1597 4310 cum
1642 4248 1706 4310 in
1750 4250 1791 4329 ξ
1837 4268 1944 4328 43,
1997 4248 2107 4310 ubi
2135 4268 2305 4339 ‘vera
2348 4251 2666 4314 amnestia
2711 4271 2844 4315 nar-

250 4369 447 4433 ratur,
500 4357 673 4421 nullo
721 4359 997 4443 vestigio
1044 4358 1362 4423 indicetur
1407 4377 1553 4425 eam
1599 4378 1728 4421 non
1777 4378 1919 4424 esse
1966 4359 2087 4422 nisi
2131 4360 2359 4447 prioris
2390 4361 2845 4445 repetitionem

248 4481 316 4536 et
365 4469 757 4538 auctionem.
