3459 5050
1603 339 1679 407 57

323 553 719 616 quamquam
785 537 864 600 de
907 536 1049 601 ·hac
1109 538 1446 602 historiola
1503 559 1697 603 nemo
1767 542 1942 604 alius·
1987 544 2347 625 quidquam
2415 544 2643 619 tradit,
2706 555 2922 627 atque,

320 665 477 706 num
527 665 676 709 vera
723 646 824 720 sit,
876 648 1303 712 dubitandum
1356 651 1628 713 fortasse
1677 651 1818 714 est?
2742 674 2745 677 ’

538 755 573 838 ᾖ
625 772 727 817 22.
823 757 1112 820 Breviter
1157 759 1390 823 iterum
1439 762 1890 824 disserendum
1950 764 2143 827 nobis
2186 774 2285 849 est
2333 765 2416 828 de
2461 766 2555 827 eis
2600 767 2923 849 scriptori·

317 865 460 938 buS,
508 867 591 927 de
639 866 873 945 quibus
918 868 982 929 in
1044 869 1258 950 capite
1318 872 1531 951 primo
1594 872 1890 951 pluribus
1951 874 2505 955 verbisegimuS,
2569 854 2736 957 quos
2795 876 2923 939 hoc

317 975 531 1037 adhuc
579 976 1007 1057 negleximus,
1056 979 1388 1059 Nepotem
1434 983 1582 1045 dico
1624 993 1689 1045 et
1722 983 2110 1055 Diodorum,
2164 1003 2331 1064 quos
2365 982 2643 1047 Grosser
2689 986 2922 1048 eadem

316 1085 584 1158 ratione,
662 1106 791 1166 qua
861 1098 1131 1163 ceteroS,
1204 1091 1267 1152 in
1336 1112 1528 1154 suum
1599 1114 1788 1156 usum
1851 1094 2327 1172 interpretatur.
2426 1095 2646 1157 Etiam
2694 1095 2920 1177 Nepos

299 1195 461 1258 -loco
508 1216 704 1277 supra
747 1198 944 1260 allato
994 1219 1185 1262 unam
1236 1202 1620 1265 amnestiam
1669 1214 2162 1277 commemorat,
2215 1224 2415 1287 quam
2463 1202 2742 1268 Grosser
2785 1205 2920 1268 vult

315 1324 457 1368 esse
519 1308 805 1389 priorem
870 1329 1074 1383 suam,
1142 1311 1322 1394 q'uod
1383 1322 1603 1375 tamen
1663 1313 1850 1376 nullis
1896 1314 2296 1394 argumentis
2343 1315 2625 1397 probare
2671 1323 2910 1397 potest,

314 1437 525 1498 neque
573 1419 744 1480 enim
794 1420 1014 1481 statim
1045 1429 1199 1499 post
1261 1422 1540 1483 reditum
1583 1422 1749 1485 haec
1793 1424 2055 1485 decreta
2112 1444 2253 1487 esse
2310 1434 2617 1487 narratur.
2712 1426 2917 1489 Recte

311 1526 450 1607 ipse
493 1529 795 1590 concedit
840 1548 1072 1608 pacem
1119 1551 1158 1592 a
1204 1530 1523 1594 Pausania
1568 1532 2050 1595 reconciliatam
2099 1543 2164 1596 et
2211 1534 2601 1598 amnestiam
2630 1534 2909 1617 Thrasy·

310 1635 467 1698 bulo
530 1648 797 1702 auctore
862 1639 1196 1702 decretam
1255 1641 1422 1703 inter
1481 1662 1551 1704 se
1607 1644 1951 1725 oppositas
2014 1664 2175 1708 esse.
2288 1641 2420 1706 Sed
2477 1645 2530 1706 si
2588 1645 2912 1707 amnestia

311 1748 490 1830 pacis
575 1756 715 1810 erat
779 1749 1116 1823 condicio,
1185 1760 1257 1813 ut
1317 1751 1455 1834 ipse
1515 1753 1729 1826 docet,
1805 1761 1872 1814 et
1932 1753 2288 1816 arctissime
2333 1773 2483 1815 cum
2536 1773 2700 1835 pace
2742 1752 2913 1816 facta

310 1858 652 1920 coniuncta
701 1868 860 1932 erat,
911 1880 1042 1921 non
1088 1860 1328 1944 Nepoti
1377 1863 1613 1925 licebat
1660 1863 1789 1925 hoc
1836 1861 2039 1925 modo
2086 1863 2204 1925 has
2234 1863 2394 1925 duas
2440 1882 2543 1925 res
2572 1882 2912 1926 secernere

309 1977 375 2028 et
421 1988 779 2051 opponere.
876 1967 991 2031 Sin
1039 1989 1253 2032 meam
1301 1973 1691 2035 sententiam
1721 1975 2074 2057 sequimur,
2125 1973 2309 2036 facile
2341 1971 2751 2054 intellegitur,
2801 1993 2915 2036 cur

307 2079 621 2141 amnestia
672 2089 741 2141 ut
787 2100 890 2142 res
938 2080 1129 2163 plane
1178 2101 1347 2143 nova
1391 2102 1605 2166 neque
1652 2103 1801 2145 cum
1847 2103 2014 2165 pace
2059 2085 2407 2148 coniuncta
2440 2102 2911 2147 commemore-

305 2199 428 2250 tur.
528 2189 885 2270 Quomodo
916 2190 1168 2253 Eleusis
1215 2201 1599 2274 recuperata
1644 2193 1747 2266 sit,
1784 2204 2111 2256 narratum
2162 2214 2291 2256 non
2326 2203 2444 2267 est,
2495 2193 2612 2255 sed
2645 2213 2727 2256 eo
2776 2214 2910 2256 non

306 2298 580 2361 efficitur
628 2311 779 2371 ante
827 2301 1208 2363 amnestiam
1261 2302 1592 2364 decretam
1641 2321 1787 2364 eam
1835 2323 1966 2365 non
2014 2324 2157 2365 esse
2202 2313 2674 2385 recuperatam.
2733 2302 2900 2364 Con·

311 2409 477 2471 seras
522 2429 618 2487 ea,
670 2416 838 2490 quae
881 2430 1075 2494 supra
1119 2410 1178 2493 (ξ
1208 2413 1287 2495 ’5)
1336 2412 1419 2472 de
1462 2411 1582 2474 hac
1630 2432 1698 2474 re
1745 2412 2177 2475 disseruimus

517 2519 868 2585 Addantur
930 2523 1013 2583 ad
1082 2520 1246 2585 haec
1315 2542 1412 2596 ea,
1468 2543 1641 2606 quae
1701 2523 1856 2586 dicit
1900 2523 2199 2586 Valerius
2261 2523 2588 2586 Maximus
2634 2520 2728 2584 IV
2785 2538 2902 2599 1,4,

306 2650 476 2715 quae
545 2649 695 2694 cum
762 2631 862 2693 his
931 2640 1213 2712 cognata
1284 2652 1428 2695 esse
1494 2634 1827 2700 videntur:
1906 2632 2391 2715 »Thrasybulus
2416 2681 2429 2694 .
2461 2680 2519 2699 ..
2585 2632 2901 2714 populum

310 2741 826 2805 Atheniensem.
859 2791 870 2803 .
903 2791 959 2809 ..
1012 2743 1075 2804 in
1119 2743 1396 2826 patriam
1445 2742 1719 2805 reduxit.
1815 2743 2141 2823 Insignem
2201 2743 2435 2805 deinde
2494 2741 2901 2804 restitutione

214 2881 218 2886 ·
303 2853 614 2915 libertatis
646 2852 982 2914 victoriam
1015 2853 1347 2915 clariorem
1381 2853 1714 2934 aliquanto
1748 2853 2212 2916 moderationis
2248 2852 2441 2915 laude
2472 2850 2641 2913 fecit.
2690 2849 2901 2912 Plebis

297 2962 469 3025 enim
517 2964 751 3025 scitum
800 2959 1201 3044 interposuit,
1251 2982 1332 3023 ne
1378 2984 1508 3046 qua
1569 2964 2060 3042 praeteritarum
2116 2982 2332 3024 rerum
2380 2960 2625 3023 mentio
2684 2958 2887 3022 fieret.

296 3071 481 3135 Haec
543 3072 803 3146 oblivio,
866 3091 1064 3154 quam
1122 3072 1563 3135 Athenienses
1628 3062 1993 3156 ἀμνηστίαν)
2058 3081 2328 3146 vocant,
2390 3089 2778 3133 concussum
2837 3077 2903 3131 et

295 3182 627 3246 labentem
683 3183 965 3246 civitatis
1020 3191 1265 3245 statum
1330 3185 1391 3244 in
1451 3183 1791 3266 pristinum
1852 3182 2149 3246 habitum
2210 3182 2602 3244 revocavit«.
2709 3178 2897 3259 Quae

294 3294 496 3356 verba
539 3292 811 3357 libenter
855 3295 1148 3355 concedo
1195 3313 1326 3356 non
1370 3291 1647 3354 refutare
1693 3289 1987 3354 Grosseri
2034 3293 2433 3375 opinionem,
2479 3310 2707 3374 neque.
2740 3308 2898 3351 vero

295 3423 441 3466 eam
490 3404 694 3466 solam
743 3424 964 3466 veram
1014 3423 1156 3466 esse
1205 3404 1576 3476 ostendunt,
1625 3422 1841 3483 neque
1885 3403 2053 3465 enim
2104 3423 2188 3464 ex
2235 3402 2649 3483 eisapparet
2694 3399 2895 3461 Thra·

291 3512 614 3593 sybulum,
663 3514 1053 3597 simulatque
1095 3513 1409 3595 populum
1458 3513 1519 3573 in
1568 3513 1843 3606 patriam
1876 3513 2267 3586 reduxisset,
2317 3509 2703 3574 amnestiam
2748 3528 2893 3590 pro·

298 3623 716 3704 mulgandam
766 3624 1109 3689 curavisse.
1219 3624 1396 3685 Bene
1455 3621 1858 3705 aliquantum
1918 3624 2233 3704 temporis
2288 3620 2697 3683 interiectum
2753 3638 2896 3680 esse

296 3743 536 3812 potest,
573 3734 754 3817 quod
787 3730 1062 3796 sortasse
1094 3733 1393 3794 Valerius
1426 3732 1565 3815 ipse
1612 3731 1925 3814 particula
1980 3732 2291 3795 ›deinde‹
2344 3730 2626 3791 indicare
2673 3727 2894 3793 voluit.

429 3862 438 3867 ·
509 3842 874 3905 Diodorum
919 3845 1199 3927 denique
1246 3842 1395 3904 loco
1442 3861 1637 3924 supra
1686 3844 1754 3924 (ξ
1803 3844 1866 3924 3)
1913 3842 2108 3904 allato
2157 3839 2434 3903 Grosser
2482 3858 2545 3919 p.
2583 3841 2667 3917 38
2718 3837 2893 3911 dicit,

292 3950 447 4031 quia
491 3950 730 4012 bellurn
778 3949 1177 4012 Eleusinium
1224 3972 1356 4013 non
1405 3961 1636 4025 narret,
1706 3952 2101 4014 amnestiam
2162 3951 2505 4033 repetitam
2572 3949 2893 4022 omittere,

291 4058 411 4121 sed
458 4059 540 4121 de
570 4060 884 4122 amnestia
933 4062 1201 4123 omnino
1257 4061 1412 4124 nihil
1461 4062 1629 4126 dicit.
1724 4062 1961 4124 Verbis
2015 4061 2224 4123 allatis
2269 4069 2503 4134 narrat,
2555 4057 2894 4142 quomodo

291 4189 427 4252 pax
472 4169 636 4230 inter
683 4169 936 4231 exsules
984 4180 1050 4232 et
1096 4172 1380 4234 urbanos
1426 4170 1593 4233 sacta
1623 4172 1725 4246 sit,
1777 4172 1893 4233 sed
1941 4190 2091 4233 curn
2137 4171 2261 4233 hac
2309 4190 2474 4252 pace
2505 4168 2893 4232 amnestiam

290 4279 707 4341 coniunctam
736 4278 930 4342 fuisse
970 4298 1100 4342 non
1133 4280 1461 4360 intellegO,
1513 4281 1683 4342 unde
1715 4282 2052 4361 collegerit
2081 4282 2177 4343 vir
2208 4280 2642 4343 doctissimus,
2739 4278 2892 4341 Nar-

290 4399 391 4451 rat
436 4388 786 4462 Diodorus,
839 4399 910 4450 ut
954 4409 1149 4474 supra
1200 4393 1269 4473 (ξ
1319 4392 1383 4473 3)
1432 4391 2043 4464 demonstravimuS,
2105 4409 2338 4473 pacem
2386 4389 2702 4451 Pausania
2746 4407 2892 4450 auc·

291 4510 437 4562 tore
505 4499 977 4582 compositam,
1053 4500 1541 4578 expeditionem
1623 4510 1844 4563 autem
1913 4501 2306 4564 Eleusiniam
2373 4507 2441 4561 et
2509 4497 2892 4560 amnestiam
