3459 5050
2977 16 2998 45 p

1414 305 1840 403 Λ*

335 520 565 562 omnes
625 509 764 562 tum
812 500 1116 565 Eleusine
1179 511 1378 575 erant,
1431 522 1579 565 cum
1626 502 1791 565 haec
1838 503 2044 564 oratio
2093 501 2313 565 habita
2358 509 2474 565 est.
2570 502 2718 582 Qua
2765 501 2921 564 diffi-

338 610 578 673 cultate
645 611 961 694 imprimis
1015 622 1385 676 commotus
1441 612 1923 676 Rauchenstein
1981 613 2044 674 in
2111 612 2343 678 ›Phil‹
2409 613 2470 675 X
2527 635 2589 695 p.
2656 613 2779 691 596
2825 632 2922 694 sq.

327 731 482 804 post
539 722 844 785 Eleusina
907 732 1355 806 recuperatam
1420 744 1570 787 eam
1629 723 1760 786 vult
1821 723 2111 786 habitam
2173 744 2336 798 esse,
2390 743 2555 803 quae
2601 723 2924 809 sententia

325 853 363 894 a
424 832 879 914 Frohbergero
943 833 1006 895 in
1066 854 1214 900 ann.
1283 834 1440 916 phil.
1500 844 1565 897 et
1621 855 1681 916 p.
1749 834 2051 911 LXXXII
2098 856 2159 916 p.
2209 837 2338 910 408
2389 854 2484 916 sq.
2534 833 2809 896 refntata
2849 841 2926 896 et
2983 814 2984 817 Ἴ

328 943 530 1005 modo
588 943 673 1005 ab
727 944 871 1023 ipso
934 945 1128 1007 missa
1194 954 1310 1008 est.
1427 944 1758 1029 Quoniam
1817 945 2013 1025 igitur
2059 945 2270 1008 oratio
2313 945 2539 1007 habita
2583 954 2701 1019 est,
2752 954 2926 1011 ante·

328 1073 526 1134 quarn
597 1055 850 1116 Eleusis
913 1055 1319 1138 reciperetur,
1390 1052 1682 1129 Grosser,
1748 1055 1847 1117 cui
1908 1075 2138 1118 omnes
2191 1056 2416 1135 viginti
2485 1064 2553 1119 et
2616 1055 2920 1137 quinque,

328 1185 408 1227 ne
461 1165 604 1246 quis
663 1174 942 1227 mortem
991 1166 1278 1247 effugiat,
1330 1167 1634 1230 Eleusine
1680 1165 2054 1228 continendi
2102 1172 2269 1240 sunt,
2322 1156 2470 1228 diss.
2519 1167 2560 1230 l.
2613 1189 2676 1250 p.
2727 1169 2808 1230 28
2859 1176 2928 1229 et

327 1276 393 1337 in
439 1296 581 1338 ann.
633 1275 786 1358 phil.
836 1286 902 1339 et
947 1298 1009 1359 p.
1062 1276 1145 1340 IC
1187 1298 1249 1359 p.
1313 1293 1434 1357 199
1481 1283 1668 1359 putat
1714 1275 1842 1337 iam
1886 1285 2044 1346 tum,
2092 1295 2240 1338 cum
2286 1276 2588 1339 Eleusine
2634 1276 2925 1351 fuissent,

328 1395 520 1449 caute
582 1395 651 1449 et
715 1387 985 1468 provide
1056 1387 1397 1450 nonnullas
1465 1387 1780 1459 civitateS,
1854 1386 2231 1467 priusquam
2292 1386 2357 1448 in
2415 1408 2527 1449 eas
2597 1386 2918 1468 fugerent,

329 1505 524 1578 portu
590 1506 656 1559 et
710 1497 961 1579 refugio
1029 1499 1120 1561 eis
1181 1498 1607 1561 interdixisse.
1720 1496 1917 1577 Quod
1982 1495 2140 1558 ullas
2201 1497 2513 1571 civitateS,
2577 1507 2927 1578 antequam

330 1607 422 1669 eis
468 1607 891 1670 metuendum
938 1618 1126 1675 esset,
1177 1630 1257 1671 ne
1303 1607 1686 1688 trigintaviri
1736 1606 1822 1668 ad
1865 1626 1935 1668 se
1984 1606 2210 1687 fugere
2256 1607 2514 1681 vellent,
2567 1608 2931 1691 providisse

327 1737 744 1799 nequaquam
803 1719 1143 1800 probabile
1203 1728 1322 1785 est.
1419 1718 1633 1799 Quam
1682 1718 1773 1779 ob
1818 1737 1954 1779 rem
2005 1716 2223 1780 malim
2271 1738 2419 1780 cum
2467 1718 2930 1798 Frohbergero

333 1828 597 1891 credere
655 1829 896 1899 statim.
960 1850 1108 1891 cum
1156 1829 1433 1892 Athenis
1484 1829 1803 1909 emigrare
1851 1838 2261 1907 cogerentur,
2312 1828 2653 1892 nonnullos
2701 1848 2926 1891 eorum

331 1938 578 2003 maiore
645 1948 832 2020 parte
902 1939 1158 2003 deserta
1224 1940 1517 2003 Atticam
1586 1937 1848 2020 fugisse.
1966 1937 2086 2000 Cui
2158 1939 2515 2001 sententiae
2586 1960 2717 2002 non
2775 1939 2925 2001 licet

330 2049 573 2130 opponi
644 2049 1150 2132 Xenophontem
1222 2051 1280 2112 ΙΙ
1344 2066 1498 2128 4,24
1567 2071 1859 2118 narrare:
1932 2049 2077 2114 »καὶ
2145 2046 2210 2113 οἳ
2271 2048 2391 2133 μὲν
2455 2047 2932 2135 τριάκοντα

332 2152 732 2224 Ἐλευσῖνάδε
776 2155 1151 2246 ἀπῆλθονε,
1217 2182 1365 2224 nam
1433 2162 1561 2223 iam
1631 2182 1830 2245 supra
1887 2161 1949 2242 (ξ
2005 2162 2059 2243 1)
2108 2158 2386 2221 vidimus
2436 2160 2517 2223 de
2565 2159 2932 2221 hominibus

329 2266 584 2347 triginta
638 2288 909 2331 numero
955 2279 1130 2332 certe
1179 2271 1602 2352 cogitandum
1654 2293 1784 2334 non
1834 2292 1995 2333 esse.
2085 2267 2161 2335 Οἱ
2205 2268 2568 2354 τριάκοντα
2614 2270 2742 2332 hoc
2784 2269 2931 2332 loco

329 2374 548 2457 plures
607 2397 803 2459 quam
865 2379 1095 2459 viginti
1156 2389 1222 2442 et
1285 2382 1569 2462 quinque
1631 2403 1773 2444 esse
1830 2402 1961 2444 non
2024 2391 2315 2463 possunt,
2365 2381 2481 2443 sed
2528 2381 2611 2444 de
2660 2401 2929 2443 nurnero

330 2487 486 2551 nihil
529 2509 613 2551 ex
659 2487 757 2550 his
804 2490 1018 2553 verbis
1065 2490 1281 2574 colligi
1329 2500 1568 2575 potest,
1620 2492 1817 2556 etiam
1865 2492 1948 2555 de
1993 2492 2253 2554 duobus
2286 2490 2520 2573 Lysias
2567 2491 2629 2558 X
2672 2508 2745 2571 31
2803 2491 2929 2553 hoc

333 2600 596 2661 nomine
642 2602 854 2665 utitur.

543 2713 585 2790 ξ
643 2713 736 2778 18.
786 2712 1060 2787 Deinde,
1112 2724 1182 2776 ut
1225 2735 1424 2796 supra
1472 2715 2081 2786 demonstravimuS,
2133 2714 2453 2778 amnestia
2498 2714 2759 2775 decreta
2806 2721 2923 2782 est,

329 2840 522 2902 quam
565 2818 841 2884 Grosser
887 2823 1088 2892 habet
1131 2824 1423 2904 alteram,
1467 2835 1534 2887 et
1581 2846 1775 2906 quam
1826 2845 1906 2887 eo
1951 2824 2166 2907 priore
2214 2823 2685 2904 generaliorem
2732 2822 2927 2884 fuisse

333 2931 611 3004 coniicit,
678 2933 855 3013 quod
905 2954 1099 3000 nemo
1147 2934 1230 2997 ab
1263 2957 1341 2998 ea
1374 2936 1673 2998 exclusus
1705 2936 1806 3001 sit.
1881 2935 2014 2999 Sed
2046 2936 2099 2996 si
2128 2933 2502 3013 Xenophon
2535 2942 2601 2994 et
2633 2933 2930 3004 IustinuS,

333 3040 444 3122 qui
502 3052 773 3121 uterque
834 3042 948 3105 has
1009 3065 1111 3107 res
1178 3045 1557 3110 brevissime
1620 3055 1902 3114 narrant.
1966 3045 2267 3108 homines
2338 3044 2424 3108 ab
2484 3064 2560 3106 ea
2631 3042 2933 3106 exclusos

334 3170 464 3213 non
512 3165 1052 3228 commemorant,
1101 3156 1249 3218 hinc
1298 3177 1429 3220 non
1496 3155 1775 3219 efficitur
1822 3155 2154 3218 exclusum
2199 3174 2342 3216 esse
2390 3154 2742 3232 neminem,
2790 3173 2939 3217 nam

332 3262 494 3325 haec
552 3283 651 3324 res
707 3273 843 3326 tam
911 3267 1090 3346 parvi
1151 3268 1463 3330 momenti
1516 3276 1675 3340 erat,
1730 3276 1800 3328 ut
1858 3266 2252 3348 Xenophon,
2305 3266 2558 3329 etiamsi
2603 3264 2792 3327 latius
2840 3284 2941 3326 res

334 3393 415 3434 eo
462 3382 759 3455 tempore
802 3385 1024 3454 gestas
1071 3376 1532 3460 descripsisset,
1582 3398 1728 3441 eam
1777 3378 2074 3441 omittere
2141 3376 2446 3457 potuerit,
2498 3385 2570 3438 ut
2613 3377 2647 3459 ᾖ
2692 3376 2735 3438 6
2781 3396 2932 3457 pag.

343 3499 418 3562 17
484 3483 1088 3550 demonstravimus,
1196 3488 1421 3571 Itaque
1484 3487 1642 3551 falso
1706 3487 1988 3551 Grosser
2048 3509 2111 3569 p.
2185 3503 2259 3549 21
2333 3487 2490 3548 dicit
2536 3506 2930 3568 quemquam

334 3594 671 3657 exclusum
735 3616 878 3657 esse
937 3598 1063 3659 hoc
1124 3599 1587 3681 Xenophontis
1643 3597 1792 3660 loco
1858 3598 2099 3679 negari.
2209 3597 2440 3678 Neque
2511 3617 2667 3659 vero
2726 3596 2934 3677 magis

337 3704 478 3766 eius
543 3707 863 3769 sententia
932 3709 1161 3771 ceteris
1229 3711 1388 3773 locis
1472 3708 1804 3792 probatur,
1879 3730 2047 3791 quos
2111 3710 2358 3772 ibidem
2428 3708 2629 3774 affert.
2738 3706 2936 3787 Quod

337 3814 613 3877 Iustinus
662 3816 699 3882 l.
746 3816 783 3881 l.
840 3817 1028 3884 dicit:
1083 3817 1211 3881 »ita
1255 3840 1374 3900 per
1421 3820 1620 3881 multa
1669 3820 1964 3881 membra
2011 3820 2240 3882 civitas
2273 3820 2587 3901 dissipata
2631 3819 2696 3880 in
2731 3837 2933 3879 unum

334 3925 602 3987 tandem
663 3946 899 4007 corpus
962 3929 1343 4009 redigitur«,
1403 3928 1889 3992 Demosthenes
1947 3930 2072 3993 XX
2143 3946 2249 3991 11:
2322 3924 2400 4012 »ἡ
2461 3926 2652 4001 πόλις
2715 3925 2804 4001 εἰς
2860 3922 2934 3990 ἓν

334 4022 564 4119 ἧλθει,
599 4037 782 4099 Plato
813 4038 1071 4101 Menex.
1118 4056 1228 4115 14:
1273 4043 1675 4114 »παντελοῦς
1719 4039 1986 4123 εἰρήνης.
2006 4036 2158 4123 ἡμῖν
2187 4037 2594 4122 γενομένηςι,
2621 4038 2936 4100 Isocrates

334 4146 457 4208 VII
517 4147 639 4226 67:
714 4143 928 4213 »οὕτω
985 4147 1070 4214 τὰ
1130 4149 1296 4233 πρὸς
1341 4149 1498 4224 τοὺς
1552 4142 1791 4224 ἄλλους
1833 4153 2052 4224 καλῶς
2096 4149 2204 4212 καὶ
2250 4150 2536 4232 νομίμως
2580 4143 2928 4232 διῴκησαν,

335 4250 503 4321 ὥστε
530 4257 727 4342 μηδὲν
756 4257 1032 4326 ἔλαττον
1061 4256 1228 4342 ἔχειν
1255 4258 1412 4335 τοὺς
1441 4258 1841 4339 ἐκβαλόντας
1888 4266 2027 4324 τῶν
2064 4258 2607 4336 κατελθόντωνι,
2650 4258 2750 4320 his
2779 4258 2938 4321 locis

337 4367 568 4443 elucet,
619 4372 799 4451 quod
846 4372 972 4433 iam
1021 4372 1268 4435 dudum
1317 4372 1507 4435 nobis
1554 4382 1782 4435 notum
1818 4379 1934 4444 est,
1974 4372 2264 4433 diversas
2295 4368 2608 4433 factiones
2639 4369 2702 4430 in
2734 4388 2928 4430 unam

335 4479 664 4543 civitatem
736 4482 986 4558 redisse⁴
1045 4492 1112 4544 et
1173 4483 1408 4546 deinde
1467 4501 1696 4564 pacem
1761 4480 1973 4544 fuisse.
2086 4480 2310 4562 Atque
2371 4480 2500 4543 hoc
2569 4488 2743 4542 certe
2803 4478 2932 4540 dici

552 4606 788 4664 Liibbert‚
830 4607 895 4656 de
937 4610 1196 4660 amnestia.
2501 4619 2536 4668 4

2987 4821 3014 4924 ..ffel
2991 4789 3022 4810 31
3001 4693 3054 4780 slas„

3067 4649 3078 4688 Ἢ,

3085 4661 3088 4664 ,
3087 4637 3106 4654 ⁴·
3097 4623 3100 4626 k
