3459 5050
1884 291 1962 351 82

591 498 930 562 ‘hib’erent
972 508 1038 562 et
1083 501 1311 562 ceteris
1374 502 1805 575 ostenderent,
1877 522 2006 564 non
2069 511 2330 565 coactos
2391 500 2534 564 sese
2588 509 2817 582 pactos
2872 519 3038 578 esse,
3098 499 3217 560 sed

630 619 896 691 pactum
946 611 1086 672 urbi
1132 611 1493 673 conducere
1540 623 1898 685 censentes,
1951 612 2241 674 Archino
2288 621 2552 674 auctore
2610 611 2754 691 lege
2814 610 2941 672 lata
3002 611 3215 673 decre-

629 730 877 792 verunt,
925 721 1166 803 siquis
1212 722 1520 783 adversus
1565 724 1950 785 amnestiam
2014 731 2442 795 accusaretur,
2511 731 2580 784 ut
2638 730 2946 785 accusato
3003 719 3221 782 liceret

630 831 1033 912 exceptione,
1096 834 1513 915 παραγραφῇ,
1583 834 1706 906 uti,
1760 834 1797 898 i.
1851 853 1903 895 e.
1968 833 2448 895 accusationem
2517 852 2596 893 eo
2650 830 2978 914 repellere,
3036 831 3214 912 quod

629 940 1099 1003 demonstraret
1160 941 1470 1005 adversus
1518 945 1903 1005 amnestiam
1952 965 2095 1005 eam
2156 943 2513 1005 institutam
2574 961 2754 1009 esse,
2822 951 2892 1004 ut
2957 942 3037 1004 de
3093 940 3215 1003 hac

625 1051 1012 1133 exceptione
1060 1052 1234 1132 prius
1265 1062 1618 1141 ageretur,
1669 1055 1721 1114 is
1770 1062 2024 1126 autem,
2081 1055 2188 1134 qui
2237 1053 2693 1133 exceptionem
2742 1049 2998 1125 faceret,
3062 1059 3217 1114 ante

628 1171 1088 1224 accusatorem*
1119 1161 1506 1242 loqueretur,
1556 1163 1662 1247 qui
1711 1165 1776 1226 in
1825 1165 2127 1227 omnibus
2176 1163 2307 1226 fere
2355 1162 2848 1244 exceptionibus
2889 1180 3029 1223 mos
3077 1169 3217 1223 erat

630 1272 735 1355 (cf.
771 1272 970 1333 Meier
1018 1280 1082 1333 et
1116 1270 1530 1335 Schoemann
1584 1282 1734 1335 »att
1772 1274 2074 1336 Prozess‹
2128 1292 2191 1354 p.
2227 1274 2399 1357 647),
2450 1282 2520 1335 ut
2566 1273 2636 1345 is,
2682 1270 2795 1353 qui
2829 1270 3206 1343 vinceretur,

625 1383 990 1464 epobeliarn
1037 1385 1074 1446 i.
1124 1406 1172 1446 e.
1221 1393 1472 1446 sextam
1507 1384 1644 1446 eius
1691 1384 2024 1466 pecuniae,
2078 1385 2158 1446 de
2207 1405 2336 1466 qua
2365 1384 2705 1464 agebatur,
2755 1392 3009 1465 partem
3054 1400 3210 1463 pen-

627 1495 825 1556 deret.
921 1494 1066 1556 Hac
1114 1494 1256 1576 lege
1305 1495 1479 1556 nisus
1528 1495 1613 1567 is,
1684 1496 1792 1577 qui
1839 1496 1961 1559 hac
2005 1495 2304 1559 Isocratis
2369 1493 2661 1556 oratione
2715 1513 2793 1554 -se
2841 1491 3130 1554 defendit
3173 1512 3216 1553 a

628 1602 998 1667 Callimachi
1058 1605 1502 1679 accusatione,
1571 1625 1704 1667 non
1760 1626 2017 1668 causam
2079 1605 2266 1678 dicit,
2332 1604 2448 1666 sed
2512 1624 2746 1666 novam
2815 1603 3218 1684 exceptionis

626 1734 886 1777 causam
936 1715 1222 1777 instituit.
1318 1715 1421 1777 Ex
1468 1735 1597 1798 qua
1643 1736 1710 1777 re
1757 1717 1912 1779 satis
1961 1716 2170 1778 elucet
2225 1724 2378 1797 post
2427 1714 2694 1776 Archini
2755 1713 2970 1792 legem
3017 1712 3214 1774 latam

626 1842 745 1886 nec
793 1843 924 1888 non
969 1834 1121 1907 post
1164 1827 1546 1889 amnestiam
1580 1826 2060 1909 promulgatam
2108 1827 2274 1889 hanc
2308 1827 2672 1890 orationem
2705 1823 2996 1886 habitam
3045 1842 3204 1883 esse.

625 1935 878 2016 Quodsi
924 1936 1321 2017 qua-erimuS,
1372 1937 1637 2018 quando
1684 1936 1789 1999 illa
1835 1937 1938 1999 lex
1984 1937 2114 1999 lata
2160 1938 2260 2010 sit,
2311 1957 2441 1998 non
2489 1945 2588 1999 est
2620 1934 2779 1996 alius
2828 1933 3027 2005 locuS,
3082 1952 3217 2011 quo

623 2046 759 2107 eius
791 2030 1033 2108 mentio
1066 2046 1198 2120 fiat,
1227 2067 1331 2108 ex
1361 2045 1484 2109 hac
1526 2056 1744 2110 autem
1793 2051 2082 2112 oratione
2127 2048 2281 2111 certi
2328 2045 2683 2130 quidquam
2728 2045 2864 2108 erui
2897 2064 3027 2106 non
3072 2052 3219 2125 pot-

621 2168 735 2218 est.
810 2157 959 2218 Hoc
1023 2177 1222 2218 unum
1271 2166 1485 2219 narrat
1532 2168 1785 2227 orator:
1835 2169 1987 2239 post
2017 2160 2296 2221 reditum
2341 2157 2635 2220 exsulum
2669 2155 3009 2218 nonnullos
3041 2155 3221 2216 cives

623 2268 1005 2328 amnestiam
1031 2266 1286 2329 laedere
1311 2276 1581 2329 conatos
1614 2289 1756 2331 esse
1787 2289 2063 2352 eamque
2096 2270 2183 2347 ob
2216 2288 2352 2330 rem
2375 2267 2542 2329 hanc
2574 2266 2787 2346 legem
2820 2265 3016 2327 latam
3051 2283 3215 2335 esse,

622 2377 739 2439 sed
774 2385 1018 2461 quanto
1049 2384 1198 2456 post
1230 2376 1357 2438 lata
1388 2378 1488 2449 sit,
1539 2398 1667 2440 non
1702 2380 1874 2454 dicit,
1922 2399 2317 2460 quamquam
2355 2398 2503 2440 cum
2537 2376 2781 2438 Blassio
2819 2376 2873 2436 II
2917 2375 3039 2453 196
3071 2390 3216 2435 cen-

620 2475 892 2550 sendum
944 2497 1042 2550 est
1089 2506 1220 2550 non
1266 2487 1632 2570 complures
1680 2508 1883 2552 annos
1927 2480 2293 2552 interiectos
2325 2507 2485 2551 esse.
2563 2486 2793 2567 Neque
2823 2485 3033 2565 magis
3065 2503 3216 2548 con·

620 2607 766 2671 stat,
819 2606 1131 2678 quantum
1177 2598 1489 2679 temporis
1532 2600 1814 2681 spatium
1863 2600 2027 2662 inter
2058 2599 2225 2661 hanc
2256 2598 2469 2679 legem
2500 2597 2700 2677 latam
2749 2606 2819 2659 et
2851 2596 3225 2658 orationem

624 2709 914 2771 habitam
960 2709 1408 2773 intercesserit.
1479 2709 1676 2770 Initio¹
1716 2709 2024 2770 orationis
2068 2718 2288 2770 orator
2332 2715 2546 2770 narrat
2592 2715 2741 2769 ante
2783 2727 2853 2769 se
2888 2705 3219 2767 neminem

626 2818 822 2881 talem
868 2815 1268 2900 exceptionis
1302 2837 1565 2881 causam
1597 2819 1968 2892 instituisse,
2018 2839 2146 2899 qua
2191 2819 2328 2901 ipsa
2377 2818 2457 2879 de
2503 2837 2696 2879 causa
2743 2816 2911 2878 hanc
2945 2813 3219 2877 Archini

626 2928 836 3010 legem
885 2923 1173 3009 exponit.
1270 2928 1462 2992 Unde
1530 2927 1794 3008 colligas
1855 2928 2048 3011 paulo
2106 2938 2258 3008 post
2313 2928 2484 2990 illam
2532 2927 2746 3007 legem
2794 2926 2995 2988 latam
3043 2925 3219 2986 hanc

626 3059 885 3101 causam
921 3048 1133 3100 actam
1168 3059 1329 3103 esse.
1399 3038 1728 3112 Attamen,
1764 3048 2220 3121 praeterquam
2251 3038 2425 3123 quod
2457 3037 2623 3099 hanc
2658 3037 2894 3117 legem,
2930 3036 2982 3097 si
3017 3036 3219 3117 paulo

624 3157 814 3210 antea
861 3148 987 3211 lata
1036 3157 1223 3221 esset,
1276 3150 1472 3210 etiam
1518 3149 1832 3210 iudicibus
1877 3159 2099 3214 notam
2135 3170 2278 3212 esse
2324 3148 2612 3230 oportuit
2646 3167 2856 3231 neque
2887 3157 3216 3210 oratorem

624 3267 760 3319 tam
803 3259 1040 3320 diserte
1074 3277 1217 3320 eam
1253 3258 1573 3341 explicare
1607 3279 1870 3321 necesse
1904 3259 2040 3332 fuit,
2091 3260 2215 3320 iam
2247 3259 2407 3321 haec
2444 3259 2723 3320 narratio
2758 3258 2896 3340 ipsa
2928 3257 3220 3319 ostendit

625 3389 725 3430 res
779 3369 1165 3430 vetustiores
1230 3367 1481 3430 narrari.
1580 3367 1831 3448 Quodsi
1895 3370 2141 3431 mireris
2202 3369 2458 3431 duobus
2518 3367 2619 3430 vel
2682 3367 2971 3450 pluribus
3028 3368 3216 3429 annis

626 3480 949 3540 neminem
982 3478 1106 3541 hac
1149 3478 1295 3558 lege
1333 3479 1541 3539 nisum
1577 3478 2059 3541 accusationem
2092 3479 2403 3541 adversus
2434 3479 2819 3540 amnestiam
2852 3477 3209 3540 institutam

624 3588 993 3671 reppulisse,
1043 3608 1189 3649 cum
1237 3588 1561 3650 neminem
1608 3598 1982 3651 accusatum
2030 3608 2168 3650 esse
2216 3590 2324 3650 vix
2368 3588 2711 3650 verisimile
2754 3589 2858 3665 sit,
2907 3586 3210 3649 omnibus

623 3697 988 3760 huiusmodi
1037 3698 1244 3759 causis
1294 3697 1689 3781 perlustratis
1737 3699 2101 3760 videbimus
2149 3699 2414 3760 omnino
2464 3698 2820 3770 neminem,
2871 3696 3046 3778 quod
3096 3696 3209 3758 sci·

625 3828 826 3879 amuS,
878 3807 1002 3869 hoc
1052 3809 1182 3869 iure
1230 3828 1414 3869 usum
1462 3828 1625 3868 esse.
1708 3808 1930 3888 Atque
1964 3809 2160 3870 etiam
2192 3809 2296 3870 alii
2345 3809 2652 3871 orationis
2699 3808 2843 3880 loci,
2896 3807 3211 3886 imprimis

624 3919 659 4000 ξ
697 3934 731 3997 7
753 3929 856 3978 “-·1
881 3936 901 3980 1
945 3927 1008 3979 et
1039 3920 1079 3998 ξ
1113 3919 1219 3994 46,
1278 3918 1436 3978 satis
1465 3918 1821 3979 ostendunt
1851 3918 2107 3999 longius
2137 3919 2450 4001 temporis
2476 3921 2758 3999 spatium
2792 3928 2941 4001 post
2971 3936 3209 3980 annum

621 4043 746 4104 403
794 4027 1303 4110 praeterlapsum
1353 4047 1511 4088 esse.
1589 4026 1720 4089 Sed
1770 4047 2056 4107 quonam
2102 4049 2270 4090 anno
2301 4029 2522 4094 habita
2565 4031 2670 4102 sit,
2722 4049 2845 4112 pro
2893 4037 3073 4091 certo
3104 4027 3208 4089 de-

625 4139 962 4201 monstrari
1010 4158 1137 4199 non
1186 4147 1424 4219 potest.
1505 4138 1673 4201 Fieri
1720 4148 1958 4220 potest,
2014 4148 2080 4200 ut
2127 4148 2299 4202 recte
2344 4139 2576 4202 Starke
2626 4149 2690 4202 et
2737 4138 2916 4201 Blass
2966 4157 3207 4200 annum

624 4265 751 4328 399
796 4249 1148 4320 statuerint,
1197 4248 1313 4309 sed
1359 4268 1604 4321 vereor,
1656 4271 1736 4311 ne
1791 4250 2068 4332 probare
2117 4270 2245 4311 non
2290 4250 2542 4331 possint
2585 4248 2747 4310 falso
2794 4247 3211 4312 Benselerum

623 4378 864 4432 annum
916 4373 1041 4437 397
1088 4358 1463 4436 sumpsisse.

833 4467 1125 4539 Pluribus
1192 4476 1410 4530 autem
1476 4470 1688 4532 verbis
1749 4489 1916 4533 nunc
2001 4470 2186 4534 nobis
2250 4470 2825 4535 demonstrandum
2885 4476 2985 4529 est
3044 4467 3211 4531 hanc
