3459 5050
1590 328 1667 394 73

343 527 606 604 κόταςκ,
654 538 721 591 et
765 526 799 612 ξ
849 543 966 594 20;
1024 539 1197 602 »τοῖς
1236 525 1497 613 ἐχθροῖς
1545 524 1945 611 ἀνιαρότατα
1997 530 2383 611 ψηφιεῖσθε<<
2438 534 2505 588 et
2535 525 2570 608 ἓ
2603 541 2722 604 23:
2765 535 2939 598 »τοῖς

345 634 566 721 ὅρκοις
596 640 704 703 καὶ
734 650 877 714 ταῖς
909 639 1271 721 συνθήκαις
1302 637 1659 725 ἐμμένουσι,
1692 640 2064 722 νομίζοντες
2095 638 2202 701 καὶ
2235 640 2355 722 τῆς
2386 635 2642 712 πόλεως
2681 635 2932 719 ,ταύτην

343 745 957 833 ἱκανωτάτηνῖἶναι
991 751 1319 833 σωτηρίαν
1356 751 1465 813 καὶ
1498 756 1635 814 τῶν
1678 747 1940 833 ἐχθρῶν
1972 750 2281 832 μεγίστην
2311 748 2699 831 τιμωρίανεε,4
2730 740 2940 808 elucet

344 860 516 922 cives
565 860 886 941 quosdam
934 860 998 921 in
1047 860 1343 921 exsilium
1393 860 1698 940 expulsos
1729 859 2156 941 popularibus
2191 858 2457 920 infestos
2494 859 2630 920 sive
2675 877 2744 918 re
2786 876 2938 918 vera

344 972 480 1034 sive
528 971 797 1033 oratoris
846 971 1165 1032 sententia
1210 970 1450 1032 civitati
1499 969 1947 1033 reconciliatae
1996 977 2060 1032 et
2108 969 2441 1032 restitutae
2492 968 2734 1030 minari.
2809 967 2938 1048 Qui

343 1081 468 1144 loci
516 1082 600 1142 de
647 1082 738 1144 eis
783 1081 1067 1160 intellegi
1113 1058 1422 1160 possunt,
1452 1081 1563 1162 qui
1610 1080 2036 1163 popularibus
2070 1078 2348 1141 Athenis
2380 1078 2607 1161 potitis
2638 1077 2940 1142 Eleusine

341 1201 456 1254 aut
502 1193 632 1253 iam
663 1202 843 1254 erant
867 1201 978 1253 aut
1028 1210 1106 1252 eo
1142 1213 1211 1254 se
1259 1191 1690 1265 contulerunt,
1725 1209 2122 1273 quamquam
2155 1208 2287 1250 vox
2321 1187 2679 1271 φεύγοντες
2714 1188 2940 1250 melius

345 1302 428 1363 de
477 1303 568 1364 eis
618 1311 975 1383 usurpatur,
1024 1322 1189 1383 quos
1235 1323 1302 1365 re
1347 1323 1499 1364 vera
1548 1302 1888 1363 monstrari
1933 1301 2151 1363 statim
2202 1297 2590 1365 videbimus,
2681 1298 2939 1362 Stutzer

344 1421 562 1474 autem
610 1411 730 1474 hac
776 1434 938 1475 voce
985 1432 1098 1475 eos
1147 1423 1335 1494 putat
1381 1412 1747 1494 significari,
1814 1411 1926 1490 qui
1974 1419 2124 1471 ante
2154 1410 2708 1491 trigintavirorum
2740 1409 2942 1471 domi-

348 1531 574 1585 natum
644 1544 682 1584 a
763 1524 1012 1606 populo
1086 1524 1148 1584 in
1230 1523 1522 1585 exsilium
1596 1522 1771 1583 missi
1842 1540 2052 1602 neque
2119 1540 2289 1582 anno
2358 1536 2492 1597 404
2560 1520 2939 1582 reverterint

351 1653 564 1714 neque
610 1634 692 1694 ad
741 1635 984 1696 urbem·
1016 1634 1415 1696 liberandam
1447 1654 1593 1696 cum
1627 1631 2035 1712 Thrasybulo
2070 1651 2211 1692 sese
2245 1630 2696 1692 coniunxerint
2729 1650 2938 1712 neque

345 1740 761 1824 trigintaviris
821 1744 1191 1816 interfectis,
1258 1745 1296 1805 i.
1363 1764 1415 1804 e.
1481 1741 1792 1804 Eleusine
1840 1750 2135 1822 recepta,
2192 1740 2490 1803 Athenas
2539 1741 2933 1808 reverterint.
2982 1716 2985 1723 Ι

344 1850 542 1915 Tales
608 1852 904 1915 homines
965 1853 1160 1916 fuisse
1222 1863 1397 1916 certe
1464 1853 1790 1916 Sieversio
1851 1851 1889 1919 1.
1939 1853 1977 1914 l.
2028 1873 2091 1934 p.
2145 1848 2227 1931 87
2278 1846 2770 1914 concedendum
2819 1861 2932 1925 est,

343 1965 461 2025 sed
507 1983 659 2024 num
709 1964 837 2026 ullo
887 1965 1021 2025 iure
1069 1974 1288 2027 orator
1335 1966 1416 2027 de
1465 1965 1556 2026 eis
1602 1963 1728 2025 hoc
1777 1962 1977 2024 modo
2010 1962 2185 2043 loqui
2231 1961 2485 2041 potuit?
2539 1962 2756 2025 Etiam
2790 1983 2936 2026 mea

344 2075 662 2155 sententia
697 2095 807 2137 -ex
868 2074 988 2137 hac
1052 2076 1345 2137 oratione
1394 2094 1524 2136 non
1569 2073 1715 2136 licet
1764 2072 2067 2152 colligere
2113 2072 2629 2135 Atheniensibus
2673 2081 2814 2134 tum
2865 2094 2932 2134 re

342 2205 498 2246 vera
532 2185 883 2266 periculum
920 2184 1133 2258 fuisse,
1171 2205 1250 2247 ne
1284 2186 1512 2246 iterum
1548 2185 1633 2246 ab
1668 2185 2094 2265 optimatibus
2122 2183 2490 2271 respublica
2521 2190 2929 2254 everteretur,

340 2295 541 2356 immo
574 2296 741 2357 bene
789 2293 922 2357 fieri
972 2296 1202 2377 potuit,
1256 2303 1325 2356 ut
1356 2304 1590 2367 orator,
1626 2296 1735 2376 qui
1771 2295 1833 2355 id
1865 2305 2103 2375 ageret,
2142 2303 2211 2355 ut
2245 2313 2441 2374 quam
2474 2292 2932 2356 dilucidissime

343 2405 735 2477 ostenderet,
806 2415 1049 2486 quanta
1114 2405 1396 2487 pericula
1443 2404 1676 2467 civium
1724 2405 2046 2466 discordia
2093 2403 2486 2486 reipublicae
2535 2410 2928 2485 pararentur,

338 2537 491 2578 vera
547 2516 833 2598 pericula
896 2525 1322 2597 exaggeraret
1383 2525 1447 2578 et
1509 2515 1590 2577 de
1654 2515 1953 2578 hostibus
2015 2514 2470 2576 insidiantibus
2539 2512 2927 2594 loqueretur,

339 2626 592 2687 etiamsi
660 2628 845 2709 pauci
894 2627 1278 2690 discordiam
1324 2627 1557 2688 civium
1609 2635 2168 2705 exspectaverunt.
2245 2626 2578 2697 Attamen,
2629 2624 2927 2704 quisnam

335 2737 461 2798 sibi
539 2736 962 2816 persuadebit
1017 2736 1515 2800 Atheniensium
1593 2756 1990 2818 quemquam
2047 2735 2186 2797 illos
2257 2735 2592 2807 metuisse,
2665 2733 2776 2814 qui
2844 2752 2925 2795 ne

337 2854 481 2906 tum
529 2848 793 2927 quidem
826 2846 1119 2909 Athenas
1167 2857 1583 2920 reverterant,
1637 2867 1786 2909 cum
1834 2846 2060 2929 populi
2107 2854 2434 2928 potestate
2480 2844 2691 2906 deleta
2724 2843 2923 2904 domi-

335 2957 513 3018 natio
563 2948 987 3039 optimatibus
1016 2958 1340 3021 cesserat?
1387 2959 1755 3040 Numquam
1788 2957 2057 3019 sortasse
2089 2956 2341 3018 illorum
2375 2974 2683 3017 numerus
2717 2953 2926 3014 minor

337 3065 455 3127 fuit
500 3087 694 3147 quam
723 3057 898 3141 'tum',
949 3089 1158 3149 neque
1208 3088 1519 3149 umquam
1562 3070 1698 3131 sine
1748 3069 1947 3131 dubio
1997 3068 2207 3129 minus
2246 3066 2363 3128 illis
2398 3064 2926 3128 commemoratis

339 3186 554 3237 metus
624 3178 872 3239 civibus
933 3179 1100 3239 iniici
1164 3180 1392 3259 potuit.
1506 3178 1732 3259 Itaque
1791 3177 1929 3239 hac-
1972 3177 2217 3238 ratione
2281 3196 2373 3250 ea,
2440 3196 2607 3257 quae
2652 3172 2926 3236 Grosser

339 3288 577 3360 docuit,
644 3286 900 3350 refutari
966 3309 1093 3350 non
1150 3297 1440 3371 possunt,
1506 3289 1880 3370 praesertim
1945 3307 2090 3348 cum
2140 3305 2349 3367 neque
2396 3305 2475 3348 ea
2523 3294 2920 3364 argumenta,

337 3417 505 3479 quae
570 3396 825 3460 Stutzer
883 3419 944 3480 p.
1015 3414 1096 3477 39
1159 3419 1279 3480 pro
1337 3419 1453 3460 sua
1514 3399 1832 3460 sententia
1891 3396 2153 3479 profert,
2217 3406 2468 3458 tantum
2515 3395 2790 3466 valeant,
2850 3403 2923 3455 ut

335 3517 563 3588 aperte
610 3505 903 3570 Grosseri
948 3509 1338 3571 sententiam
1388 3507 1616 3570 falsam
1665 3529 1809 3571 esse
1856 3509 2223 3571 ostendant.
2293 3529 2297 3534 ·

509 3617 671 3680 »Est
716 3620 933 3681 aute'm
982 3638 1219 3699 magna
1273 3618 1374 3680 illa
1435 3617 1792 3692 difficultaS,
1857 3639 2021 3699 quae
2095 3617 2390 3681 Stutzero
2437 3616 2672 3689 obstat,
2735 3615 2924 3697 plane

334 3727 609 3801 sublata,
674 3736 1023 3810 postquam
1089 3729 1211 3790 hac
1271 3729 1722 3791 dissertatione
1798 3750 1916 3811 pro
1995 3738 2171 3792 certo
2246 3730 2760 3790 demonstratum
2827 3734 2926 3788 est

319 3833 532 3900 'u'nam
580 3840 959 3901 amnestiam
1008 3839 1333 3902 decretam
1370 3860 1511 3901 esse
1555 3851 1707 3921 post
1754 3841 2057 3903 Eleusina
2088 3846 2550 3920 recuperatam,
2602 3856 2719 3918 pro
2769 3836 2923 3897 veri-

334 3949 519 4010 simili
569 3958 822 4029 praeter
880 3949 1352 4011 ‘undecimviros
1402 3951 1488 4031 (et
1548 3951 1951 4014 decemviros
2010 3950 2411 4031 Piraeenses)
2459 3947 2687 4009 saltem
2753 3965 2924 4008 com-

305 4059 547 4141 ,p‘lures
612 4059 1048 4139 trigintaviros
1109 4060 1482 4141 superstites
1546 4081 1622 4122 ea
1690 4062 1952 4122 decreta
2014 4060 2078 4121 in
2146 4060 2435 4121 exsilium
2483 4058 2717 4120 missos
2762 4065 2920 4119 esse.

330 4168 422 4230 Hi
468 4169 676 4250 igitur,
724 4169 1107 4250 quibuscum
1154 4169 1430 4233 fortasse
1479 4170 1765 4234 nonnulli
1815 4171 1934 4245 alii,
1999 4169 2469 4256 quithhenas
2533 4166 2741 4229 redire
2795 4186 2924 4228 non

333 4279 682 4351 audebant,
734 4279 797 4340 in
842 4279 1138 4342 exsilium
1172 4281 1397 4353 ierunt,
1450 4281 1636 4343 huius
1672 4279 2171 4343 orationis‘locis
2202 4279 2473 4340 laudatis
2515 4275 2924 4357 intellegendi

331 4397 481 4450 sunt
543 4397 640 4450 et·
670 4389 918 4470 optime
984 4389 1272 4471 intellegi
1335 4401 1623 4472 possunt.
1720 4390 1810 4451 Hi
1873 4398 2046 4452 recte
2102 4387 2455 4471 φεύγοντες
2515 4386 2926 4447 nominantur

330 4498 567 4559 eodem
613 4498 811 4560 modo
859 4509 1055 4579 atque
1103 4500 1164 4561 in
1213 4483 1590 4563 senatorum
1639 4499 2048 4562 iureiurando
2095 4498 2272 4580 apud
2319 4496 2494 4562 And.
2545 4497 2572 4558 I
2618 4511 2706 4575 90
2750 4504 2817 4558 et
2861 4494 2922 4555 in
