3459 5050
1388 298 1815 400 -AE—

294 520 446 574 sunt
490 521 894 592 argumenta,
946 512 1179 592 quibus
1228 532 1345 597 pro
1401 523 1581 577 certo
1643 516 2128 578 demonstretur
2181 513 2351 578 hanc
2393 511 2736 576 Phormisii
2765 566 2769 572 .
2795 535 2891 577 ro·

296 622 632 703 gationem
679 622 877 686 latam
927 643 1087 696 esse,
1138 622 1515 709 priusquam
1562 624 1815 687 Eleusis
1863 627 2270 708 reciperetur.

510 732 836 812 Apertum
869 742 968 795 est
998 752 1129 794 non
1164 731 1356 814 plane
1408 735 1880 816 rempublicam
1931 736 2173 797 institui
2223 738 2535 817 potuisse,
2591 738 2900 814 quamdiu

293 842 678 923 trigintaviri
745 854 809 904 et
875 863 1024 904 cum
1072 842 1164 905 eis
1227 842 1408 905 multi
1477 844 1652 906 cives
1698 845 2138 908 Athenienses
2187 846 2535 907 nobiliores
2595 846 2900 906 Eleusine

291 973 362 1015 se
409 954 847 1020 continebant.
944 954 1161 1034 Quam
1223 954 1311 1015 ob
1371 973 1509 1015 rem
1572 954 1847 1017 fortasse
1910 955 2152 1018 factum
2217 964 2330 1028 est¹
2403 970 2467 1014 ut
2535 958 2896 1034 1¹12351M1l313t33

288 1083 419 1126 non
470 1062 660 1145 plene
703 1073 769 1125 et
811 1062 1097 1145 perfecte
1146 1064 1608 1138 restitueretur,
1675 1065 2054 1147 priusquam
2098 1064 2156 1127 ei
2224 1083 2487 1146 quoque
2551 1070 2607 1126 in
2679 1070 2892 1126 ciuita-

289 1182 424 1235 tem
470 1174 805 1247 redissent,
853 1183 1049 1255 atque
1095 1173 1221 1236 hoc
1266 1173 1438 1236 facto
1487 1174 1751 1237 demum
1799 1176 2192 1238 Phormisius
2241 1178 2647 1256 rogationem
2711 1198 2896 1238 suam

290 1282 502 1350 ferret.
596 1283 753 1356 Aut,
803 1284 855 1344 si
905 1283 1272 1366 respublica
1317 1285 1448 1347 iam
1490 1294 1685 1349 antea
1736 1287 2032 1349 restituta
2080 1295 2235 1360 erat,
2285 1286 2423 1347 sine
2479 1286 2695 1354 dubim.
2751 1306 2896 1346 cum

290 1394 349 1456 ei
409 1410 658 1467 omnes,
729 1394 838 1473 qui
897 1394 1201 1457 Eleusine
1271 1394 1540 1469 fuerant,
1613 1397 1674 1457 in
1742 1397 1968 1459 urbem
2040 1406 2523 1462 reverterentur.
2599 1398 2892 1458 ordinem

289 1504 491 1565 modo
554 1504 916 1567 restitutam
980 1505 1227 1568 turbari
1290 1514 1355 1567 et
1422 1525 1624 1568 novas
1689 1505 2190 1569 deliberationes
2252 1506 2515 1566 excitari
2583 1506 2892 1586 issilmrtuit.

289 1615 524 1696 quibus
600 1613 994 1677 Phormisius
1064 1615 1148 1676 ad
1219 1616 1627 1696 rogationem
1690 1635 1874 1678 suam
1939 1615 2273 1679 ferendam
2351 1626 2892 1678 crinitum-eretur.

289 1723 411 1786 Cui
455 1725 814 1788 sententiae
861 1745 991 1787 non
1037 1726 1476 1806 obloquunter
1535 1746 1630 1800 ea,
1678 1746 1849 1807 quae
1898 1727 2149 1790 Usener
2207 1726 2272 1788 in
2330 1746 2479 1790 ann.
2547 1726 2651 1806 ph.
2719 1734 2783 1782 et
2831 1746 2892 1806 p.

287 1833 464 1896 CVII
522 1848 865 1915 145—174
910 1836 992 1897 de
1038 1834 1164 1897 hac
1211 1836 1509 1898 oratione
1557 1837 1881 1918 exposuit,
1929 1845 2080 1898 sunt
2125 1845 2343 1898 autem
2407 1838 2747 1894 rejicienda
2795 1854 2888 1906 ea,

293 1965 464 2026 quae
508 1943 784 2007 Grosser
845 1945 929 2010 ib.
1003 1945 1038 2006 l.
1069 1944 1108 2009 l.
1170 1945 1251 2006 de
1298 1946 1610 2008 orationis
1673 1955 1971 2028 tempore
2033 1946 2347 2018 disseruit,
2419 1946 2647 2022 quibus
2715 1946 2892 2002 brevi

291 2064 445 2133 post
490 2056 783 2117 exsulum
835 2055 1112 2117 reditum
1176 2075 1319 2118 eam
1372 2054 1665 2118 habitam
1725 2077 1867 2119 esse
1930 2075 2126 2138 posse
2172 2054 2339 2116 bene
2407 2054 2703 2134 exponit,
2771 2053 2884 2110 ser]

288 2184 356 2226 re
403 2185 555 2227 vera
622 2185 767 2227 eam
835 2165 1120 2227 habitam
1187 2185 1329 2227 esse
1392 2165 1581 2227 nullis
1644 2166 2048 2247 argumentis
2105 2164 2359 2246 probat.
2487 2162 2647 2222 Nam
2715 2162 2888 2242 quud

288 2294 349 2353 p.
447 2288 567 2355 593
640 2276 829 2338 dicit:
921 2275 1220 2337 ›Ebenso
1299 2277 1513 2356 wenig
1600 2275 1681 2337 ist
1764 2276 1878 2338 der
1957 2275 2216 2354 Antrag
2294 2274 2455 2334 nach
2539 2274 2683 2330 dem
2767 2274 2888 2330 viel

284 2389 589 2465 spateren
677 2384 855 2447 Falle
926 2405 1055 2446 von
1141 2384 1397 2446 Eleusis
1483 2384 1742 2466 gestellt
1795 2386 2078 2457 worden,
2167 2384 2251 2445 da
2339 2386 2675 2442 desselben
2771 2384 2884 2442 mit.

286 2493 541 2558 keinem
588 2495 816 2558 Worte
863 2494 1149 2577 gedacht
1195 2495 1294 2568 ist,
1347 2495 1452 2558 die
1500 2494 1714 2559 Sache
1758 2494 1926 2558 auch
1973 2515 2056 2557 an
2103 2493 2236 2556 und
2286 2492 2383 2555 fiir
2455 2494 2583 2554 sicli
2651 2494 2879 2550 keinem

284 2625 360 2667 so
407 2605 639 2687 langen
686 2605 1029 2668 Aufschub
1077 2607 1408 2681 duldete«,
1460 2607 1587 2669 iam
1624 2607 1814 2669 nobis
1863 2614 2124 2668 constat
2165 2602 2471 2666 Eleusina
2523 2622 2647 2662 nm]
2687 2606 2888 2658 multo

284 2726 437 2797 post
482 2716 762 2778 reditum
809 2726 1255 2797 recuperatam
1288 2736 1448 2782 esse.
1542 2715 1673 2779 Cur
1699 2716 1847 2778 belli
1891 2713 2197 2778 Eleusinii
2231 2722 2447 2775 oratur
2495 2712 2888 2770 mentionem

283 2824 495 2897 saciat,
547 2825 960 2898 manifestum
997 2836 1096 2889 est
1140 2826 1379 2889 nullam
1411 2846 1554 2888 esse
1585 2846 1868 2899 causam,
1922 2843 2134 2906 neque
2165 2823 2316 2885 licet
2363 2843 2440 2883 ex
2483 2823 2603 2883 ime
2639 2823 2888 2879 silentio

282 2946 742 3016 argumentum
789 2946 1026 3020 petere.
1114 2936 1472 3017 Quomodo
1501 2945 1720 2999 autem
1770 2935 1907 2996 fieri
1942 2934 2250 3017 potuerit,
2303 2943 2371 2995 ut
2407 2943 2555 3011 pust
2591 2931 2888 2991 Eleusina

279 3054 731 3127 recuperatam
763 3046 922 3109 haec
953 3048 1205 3128 rogatio
1254 3046 1538 3118 ferretur,
1591 3066 1675 3109 ex
1722 3046 1832 3119 eiS,
1882 3064 2051 3126 quae
2102 3043 2306 3105 modo
2355 3043 2651 3123 exposui,
2691 3063 2884 3123 spem

282 3156 437 3216 satis
485 3155 753 3222 elucere.
846 3158 1054 3218 Recte
1097 3155 1371 3219 Grosser
1417 3157 1654 3219 deinde
1710 3154 1985 3236 exponit
2031 3153 2343 3216 orationis
2391 3159 2455 3231 ffi
2519 3155 2583 3231 fi}
2635 3151 2884 3215 verbis:

291 3262 381 3327 »εἰ
422 3263 510 3349 μὴ
555 3266 927 3349 ποιήσομεν,
975 3258 1017 3329 ἃ
1059 3265 1552 3350 Λακεδαιμόνιοι
1595 3265 1974 3330 κελεύουσιν
2001 3312 2240 3329 ......
2303 3263 2355 3327 εἰ
2407 3263 2803 3343 Jussjsimifssr,
2851 3255 2892 3319 ἒέ

280 3371 512 3439 ἐκεῖνοι
544 3374 1106 3458 προστάττουσιν(
1146 3385 1213 3439 et
1245 3376 1542 3457 Dionysii
1573 3376 1816 3442 verbis:
1864 3372 2318 3457 »βουλομένων
2347 3383 2555 3435 ταῦτα
2587 3371 2884 3451 γινέσθαι

280 3485 392 3549 καὶ
422 3486 1015 3569 Λακεδαιμονίωνε,
1051 3506 1218 3566 quae
1248 3488 1387 3549 sine
1431 3486 1631 3549 dubio
1679 3506 1763 3547 ex
1812 3485 1928 3548 illis
1976 3485 2208 3548 hausta
2255 3495 2423 3551 sunt,
2479 3503 2603 3543 non
2655 3479 2884 3559 signifi-

282 3596 414 3658 cari
462 3596 912 3658 condicionem
960 3596 1157 3678 paciS,
1209 3616 1404 3677 quam
1454 3597 1643 3658 simul
1689 3615 1838 3658 cum
1889 3596 1992 3658 iila
2038 3615 2201 3678 pace
2254 3593 2571 3655 Pausania
2623 3599 2884 3651 auctore

282 3706 449 3767 inter
492 3707 651 3768 duas
700 3706 977 3768 civitatis
1023 3715 1242 3788 partes
1292 3707 1661 3787 composita
1717 3707 1884 3768 inter
1941 3705 2379 3767 Athenienses
2443 3715 2507 3763 et
2571 3703 2879 3763 Lacedae-

283 3815 542 3877 monios
589 3814 823 3877 factam
870 3816 970 3877 vel
1018 3825 1397 3879 renovatam
1447 3836 1590 3879 esse
1648 3836 1842 3898 supra
1913 3817 1972 3899 (ξ
2037 3819 2097 3899 7)
2160 3815 2455 3876 vidimus.
2575 3815 2884 3871 fimum-ii

285 3924 551 4006 probari
602 3945 732 3986 non
779 3934 1002 4006 potest
1064 3926 1229 3989 haec
1277 3927 1477 3989 verba
1526 3926 1766 3987 ironice
1813 3927 1985 3988 dicta
2034 3944 2178 3986 esse
2224 3944 2435 4007 neque
2487 3943 2615 3983 rem
2671 3943 2888 3983 ueram

277 4043 597 4115 spectare.
695 4035 942 4097 Ironice
990 4036 1259 4098 fortasse
1304 4048 1711 4119 exaggerata
1757 4044 1907 4098 sunt
1953 4036 2185 4101 verba:
2242 4032 2331 4097 »εἰ
2379 4035 2467 4115 iss}
2515 4035 2879 4115 merja-mgnum

275 4136 321 4208 ἃ
365 4143 857 4226 Λακεδαιμόνιοι
918 4146 1358 4220 κελεύουσινι,
1423 4148 1576 4228 quia
1641 4148 1803 4209 haec
1866 4146 2383 4209 adversariorum
2455 4147 2651 4203 umba
2715 4155 2879 4211 sunt,

276 4254 398 4321 sed
442 4274 574 4335 quo
623 4256 754 4317 iure
800 4256 1028 4335 Lysias
1073 4256 1212 4318 sive
1260 4258 1329 4330 is,
1380 4257 1482 4318 cui
1516 4257 1682 4319 hanc
1746 4256 2108 4318 orationem
2175 4256 2451 4337 scripsit,
2507 4255 2743 4311 ironice
2795 4271 2879 4311 rea

272 4365 605 4446 spondere
651 4366 893 4446 potuit:
954 4362 1116 4449 »ἐγὼ
1183 4365 1250 4429 δὲ
1295 4367 1572 4442 τούτους
1633 4365 1840 4430 εἰπεῖν
1897 4362 2082 4449 ἀξιῶ,
2154 4365 2218 4429 τί
2277 4367 2378 4447 τῷ
2427 4359 2663 4443 ,τῂῇἣιε
2715 4383 2884 4443 ,τη-(κ-

275 4474 634 4559 γενὴσεται,
693 4473 749 4538 εἰ
794 4476 1197 4559 ποιήσαιμεν,
1260 4469 1302 4541 ἃ
1358 4475 1588 4541 ἐκεῖνοι
1655 4499 1706 4540 π
1789 4474 2268 4541 στάττουσινιὲ
2339 4471 2555 4535 Unum
2627 4491 2884 4551 respon-

277 4586 564 4648 dendum
615 4587 671 4647 ei
720 4595 857 4658 erat
901 4586 1004 4648 illa
1051 4588 1563 4652 adversariorum
1773 4608 1810 4648 a
1872 4607 2036 4649 vana
2098 4607 2260 4658 esse,
2327 4583 2884 4643 Lacedaemonios
