3459 5050
1350 1378 1725 1550 Caput
1814 1382 2363 1552 primum.

766 1646 807 1723 ξ
856 1659 916 1710 2.
1010 1644 1101 1708 Ut
1144 1643 1376 1726 prioris
1424 1641 1573 1704 belli
1620 1643 2159 1724 Peloponnesiaci
2208 1642 2410 1721 partis
2458 1661 2656 1702 unum
2689 1640 3152 1721 Thucydidem

553 1753 646 1815 sic
688 1753 1067 1835 posterioris
1113 1754 1404 1815 eiusdem
1452 1752 1600 1814 belli
1651 1753 1850 1832 partis
1899 1761 1965 1814 et
2011 1761 2382 1831 temporum
2444 1751 2859 1833 sequentium
2905 1750 3154 1812 fontem

551 1862 887 1944 aequalem
935 1883 1132 1924 unum
1178 1861 1497 1924 habemus
1543 1862 2087 1943 Xenophontem,
2139 1863 2246 1943 qui
2293 1861 2525 1923 multas
2575 1870 2640 1922 et
2687 1861 3004 1922 maximas
3054 1881 3156 1921 res

553 1993 684 2035 non
729 1992 849 2054 per
893 1970 1054 2034 alios
1100 1982 1471 2055 compertas
1533 1981 1770 2045 narrat,
1818 1973 1936 2051 sed
2001 1973 2124 2053 ipsi
2188 1973 2377 2044 visas,
2446 1992 2592 2033 nam
2643 1969 3153 2052 Xenophontem

553 2081 872 2143 nonnullis
917 2082 1460 2163 expeditionibus.
1492 2081 1771 2144 fortasse·
1815 2083 2106 2165 exceptis
2155 2101 2271 2160 per
2336 2101 2545 2143 annos
2595 2096 2746 2161 407,
2795 2081 2947 2158 406,
2998 2092 3149 2158 405,
3191 2086 3202 2093 ’

554 2205 704 2268 404,
764 2206 890 2270 403
948 2190 1223 2254 Athenis
1283 2190 1480 2253 fuisse
1543 2200 1607 2253 et
1652 2189 1994 2254 anarchiae
2060 2201 2359 2274 tempore
2407 2211 2446 2252 a
2494 2201 2919 2269 tyrannorum
2968 2198 3156 2272 parte

551 2301 806 2363 stetisse
872 2300 1185 2383 hellenica
1248 2302 1384 2363 eius
1448 2310 1515 2363 et
1571 2302 2018 2364 memorabilia
2076 2300 2430 2364 ostendunt
2491 2309 2557 2362 et
2614 2321 2652 2362 a
2714 2299 3155 2382 compluribus

551 2407 702 2469 viris
763 2407 971 2469 doctis
1031 2428 1152 2489 pro
1212 2417 1392 2470 certo
1464 2410 1981 2474 demonstratum
2040 2420 2155 2473 est.
2254 2410 2471 2490 Quam
2518 2409 2604 2471 ob
2655 2430 2789 2471 rem
2836 2411 2894 2471 ei
2943 2409 3157 2471 maior

551 2538 748 2599 quam
810 2517 1235 2600 scriptoribus
1301 2523 1773 2601 posterioribus
1835 2523 2139 2584 omnibus
2187 2520 2350 2584 fides
2396 2520 2700 2584 habenda
2744 2530 2857 2582 est.
2958 2519 3155 2600 Quod

548 2647 705 2690 vero
753 2627 934 2690 multi
979 2628 1097 2689 viri
1146 2628 1320 2692 docti
1366 2632 1759 2694 recentiores
1807 2631 2209 2694 contendunt
2268 2650 2417 2694 eum
2476 2630 3150 2692 Lacedaemoniorum

551 2738 747 2800 rebus
791 2738 978 2801 nimis
1026 2737 1353 2801 faventem
1400 2761 1502 2802 res
1548 2741 1632 2803 ab
1680 2740 2192 2804 Atheniensibus
2241 2742 2523 2822 gloriose
2563 2724 2795 2823 'gestas
2852 2743 3153 2803 obscura-

550 2848 720 2910 visse
766 2856 831 2911 et
877 2847 1350 2930 depravavisse,
1402 2851 1484 2912 de
1534 2852 1726 2913 rebus
1775 2853 1963 2913 nobis
2012 2872 2181 2913 nunc
2225 2853 2579 2914 tractandis
2614 2872 2807 2914 nemo
2856 2853 2991 2925 erit,
3031 2852 3139 2931 qui

549 2956 694 3020 talis
739 2959 931 3020 studii
980 2978 1128 3020 eum
1176 2969 1426 3040 arguat.
1476 2962 1625 3042 quia
1672 2982 1804 3023 non
1852 2972 1967 3036 est,
2019 2983 2130 3025 cur
2178 2983 2286 3024 eas
2330 2983 2432 3024 res
2480 2963 2831 3036 mutavisse
2865 2971 3149 3043 putetur,

552 3067 635 3128 ad
670 3086 828 3146 quas
861 3068 1205 3129 mutandas
1238 3089 1449 3152 neque
1479 3071 2150 3134 Lacedaemoniorum
2186 3093 2374 3135 amor
2406 3092 2616 3154 neque
2653 3072 3154 3134 Atheniensium

553 3177 774 3239 odium
824 3197 971 3239 eum
1020 3198 1434 3255 commovere
1480 3191 1757 3263 poterat.
1853 3184 2145 3244 Brevitas
2192 3190 2412 3244 autem
2459 3182 2963 3265 Xenophontea,
3015 3201 3155 3262 qua

552 3286 875 3348 interdum
921 3288 1116 3349 etiam
1165 3310 1265 3350 res
1314 3292 1642 3371 graviores
1677 3293 2083 3365 omittuntur,
2135 3312 2331 3374 quam
2368 3293 2653 3354 maxime
2701 3290 2797 3352 his
2847 3292 2909 3352 in
2960 3292 3154 3352 rebus

553 3395 835 3458 dolenda
881 3406 998 3469 est,
1047 3398 1422 3464 brevissime
1470 3404 1642 3464 enim
1688 3405 1908 3465 omnia
1956 3412 2185 3476 narrat,
2238 3422 2636 3483 quamquam
2685 3421 2933 3476 eorum,
2983 3420 3152 3482 quae

553 3505 811 3567 maioris
858 3509 1173 3569 momenti
1223 3520 1422 3583 erant,
1472 3512 1627 3573 nihil
1673 3514 1986 3575 omissum
2039 3533 2179 3574 esse
2226 3512 2387 3573 infra
2434 3531 2923 3592 cognoscemus,

767 3615 1019 3696 Quibus
1084 3621 1396 3702 expositis
1458 3622 1510 3683 si
1575 3631 1839 3703 oportet
1904 3622 2218 3704 imprimis
2277 3621 2368 3683 eis
2416 3642 2536 3683 nos
2584 3620 2929 3693 confidere,
2983 3638 3151 3701 quae

551 3720 1023 3805 Xenophon
1073 3739 1299 3803 narrat,
1352 3752 1518 3793 nunc
1565 3732 1919 3805 videamus
1970 3751 2138 3813 quae
2187 3739 2338 3810 post
2384 3751 2479 3804 ea,
2546 3751 2716 3812 quae
2775 3750 2972 3811 supra
3015 3728 3151 3791 bre·

551 3835 717 3897 viter
760 3836 1117 3898 secundum
1165 3858 1315 3901 eum
1359 3842 1622 3914 narravi,
1673 3841 1844 3903 facta
1891 3861 2032 3903 esse
2078 3842 2308 3904 tradat.
2405 3841 2580 3902 Dicit
2624 3849 2842 3903 autem
2891 3838 3053 3922 (hell.
3095 3838 3151 3900 II

550 3964 613 4023 4,
666 3947 948 4029 38—43)
995 3945 1187 4011 haec:

767 4058 868 4133 38.
927 4053 1024 4119 »οἱ
1071 4056 1136 4120 δὲ
1183 4057 1530 4141 διήλλαξαν
1575 4052 1680 4138 ἐφ’
1727 4046 1857 4140 ᾧτε
1903 4057 2163 4143 εἰρήνην
2206 4060 2325 4143 μὲν
2368 4055 2537 4141 ἔχειν
2583 4057 2751 4142 πρὸς
2803 4055 3150 4143 ἀλλήλους,

549 4159 808 4228 ἀπιέναι
852 4164 918 4229 δὲ
963 4163 1069 4229 ἐπὶ
1115 4165 1200 4231 τὰ
1247 4163 1500 4231 ἑαυτῶν
1545 4162 1822 4231 ἕκαστον
1866 4168 2044 4252 πλὴν
2102 4177 2240 4234 τῶν
2296 4167 2657 4253 τριάκοντα
2717 4169 2825 4231 καὶ
2869 4175 3008 4232 τῶν
3054 4164 3152 4231 ἓν·

549 4273 702 4337 δεκα
747 4275 857 4337 καὶ
900 4282 1039 4338 τῶν
1083 4273 1155 4339 ἐν
1196 4280 1297 4360 τῷ
1327 4280 1614 4361 Πειραιεῖ
1656 4272 2009 4361 ἀρξάντων
2041 4278 2210 4342 δέκα.
2257 4279 2310 4344 εἰ
2358 4278 2427 4343 δέ
2454 4300 2628 4352 τινες
2660 4280 2972 4357 φοβοῖντο
3016 4285 3155 4346 τῶν

551 4380 619 4465 ἐξ
664 4376 909 4461 ἄστεος,
972 4380 1188 4467 ἔδοξεν
1245 4383 1467 4462 αὐτοῖς
1529 4382 1855 4453 Ἐλευσῖνα
1899 4400 2244 4453 κατοικεῖν.
2343 4406 2445 4469 39.
2497 4388 2760 4452 τούτων
2805 4386 2870 4450 δὲ
2919 4409 3154 4471 περαν-

550 4491 816 4557 θέντων
880 4496 1256 4571 Παυσανίας
1310 4496 1427 4579 μὲν
1482 4498 1657 4583 διῆκε
1720 4497 1801 4562 τὸ
1863 4498 2255 4581 στράτευμα,
2329 4496 2386 4562 οἱ
2450 4494 2506 4561 δ>
2550 4495 2624 4560 ἐκ
2669 4505 2789 4560 τοῦ
2835 4499 3155 4580 Πειραιῶς
