3459 5050
1649 340 1719 402 13

607 537 793 617 Quae
819 536 1036 598 omnia
1061 536 1307 616 optime
1340 546 1707 616 congruunt
1740 558 1885 599 cum
1921 539 2032 612 εἰς,
2069 559 2236 619 quae
2267 541 2443 621 apud
2476 541 3011 622 Xenophontem.

364 656 646 709 narrata
690 646 1069 708 invenimus,
1185 645 1491 707 Affirmat
1540 646 1873 708 Diodorus
1931 648 2313 711 Pausaniam
2347 650 2528 712 ¹inter
2583 652 2863 715 urbanos
2914 662 2992 716 'et

385 758 659 829 exsule-5,
698 759 806 837 qui
838 757 1015 838 apud
1049 776 1197 818 eum
1233 775 1362 818 non
1395 766 1712 818 vocantur
1745 754 1804 820 οἱ
1834 755 1906 820 ἐκ
1940 761 2105 842 (τοῦ)
2138 752 2362 834 ἄστεος
2387 770 2453 825 et
2478 759 2537 825 οἱ
2568 759 2640 825 ἐκ
2665 764 2832 845 (τοῦ)
2848 766 2989 827 Πει·

384 875 584 953 ραιῶς
645 868 780 930 sive
840 865 898 931 οἱ
956 864 1027 930 ἐν
1075 866 1223 948 (τῷ)
1267 857 1444 929 ἄστει
1508 876 1573 929 et
1618 864 1677 930 οἱ
1738 864 1810 930 ἐν
1857 870 1998 952 (τῷ)
2056 871 2361 953 Πειραιεῖ,
2425 872 2660 950 quibus
2720 874 2991 936 vocibus

386 979 770 1057 Xenophon
817 986 884 1039 et
930 985 1223 1038 oratores
1271 974 1386 1038 has
1434 977 1595 1039 duas
1627 987 1847 1056 partes
1891 979 2220 1059 appellare
2268 980 2495 1053 solent,
2543 982 2667 1044 sed
2712 980 2772 1045 οἱ
2802 981 2875 1046 ἐν
2903 987 2987 1066 τῇ

383 1087 572 1152 πόλει
620 1097 684 1150 et
717 1085 776 1151 οἱ
809 1083 1111 1170 φυγάδες,
1146 1106 1376 1166 pacem
1411 1088 1852 1150 conciliavisse
1884 1097 1949 1150 et
1976 1089 2158 1151 addit
2191 1091 2467 1152 eandem
2508 1092 2981 1168 condicionem,

384 1219 580 1280 quam
629 1207 889 1277 praeter
936 1197 1441 1278 Xenophontem
1487 1207 1554 1259 et
1601 1198 1970 1260 Diodorum
2015 1218 2210 1262 nemo
2255 1199 2539 1273 exhibet,
2595 1221 2725 1281 qua
2786 1204 2985 1265 omni-

380 1311 521 1382 buS,
574 1309 681 1388 qui
731 1309 792 1369 in
825 1308 982 1370 urbe
1020 1326 1350 1369 remanere
1405 1327 1536 1369 non
1569 1308 1900 1381 auderent,
1937 1309 2243 1372 Eleusina
2275 1330 2348 1372 se
2392 1309 2685 1374 conferre
2728 1312 2980 1377 licebat.

383 1420 616 1507 Mirum
661 1428 882 1480 autem
943 1425 1042 1479 est
1100 1418 1182 1478 de
1242 1418 1353 1490 eis,
1416 1427 1582 1496 qua'e
1639 1418 1876 1480 deinde
1936 1420 2229 1481 evenisse
2299 1419 2669 1502 Xenophon
2741 1432 2806 1484 et
2876 1424 2982 1486 alii

382 1530 657 1602 tradant,
709 1528 1075 1590 Diodorum
1123 1527 1277 1589 nihil
1323 1514 1593 1600 tradere,
1657 1547 1870 1606 neque
1935 1528 2082 1590 belli
2129 1530 2435 1592 Eleusinii
2502 1551 2719 1610 neque
2763 1553 2980 1596 amne-

377 1639 888 1703 stiae.decretae
938 1638 1335 1700 mentionem
1384 1657 1532 1699 eum
1585 1636 1810 1699 facere.
1910 1638 2083 1718 Quin
2129 1640 2343 1711 etiam,
2394 1641 2510 1701 nisi
2578 1641 2749 1704 illam
2798 1645 2980 1724 pacis

378 1750 827 1813 condicionem
862 1748 1218 1819 exhiberet,
1253 1748 1519 1808 omnino
1555 1769 1682 1809 non
1717 1748 2028 1812 indicaret
2059 1750 2361 1812 Eleusine
2402 1751 2463 1812 in
2516 1753 2675 1814 urbe
2706 1754 2978 1819 alteram

377 1861 613 1922 civium
659 1859 1006 1921 factionem
1066 1857 1280 1930 fuisse,
1343 1878 1492 1919 nam
1553 1858 1748 1920 etiam
1809 1859 1872 1920 in
1932 1863 1972 1938 ξ
2025 1872 2054 1937 5
2112 1860 2323 1922 solum
2370 1862 2559 1928 dicit:
2626 1861 2820 1937 »τοὺς
2864 1864 2983 1946 μὲν

376 1966 728 2054 τριάκοντα
772 1971 892 2053 τῆς
937 1962 1134 2052 ἀρχῆς
1180 1966 1552 2042 παύσαντες
1582 1967 1654 2031 ἐκ
1684 1971 1808 2053 τῆς
1837 1968 2095 2042 πόλεως
2123 1967 2558 2054 ἑξέπεμψανι,
2602 1993 2732 2052 quo
2775 1975 2977 2048 ierint,

376 2101 507 2143 non
553 2081 752 2142 addit.
849 2079 1078 2159 Neque
1122 2088 1356 2161 postea
1401 2078 1858 2157 comperimUS,
1908 2080 2246 2159 quomodo
2292 2081 2453 2143 haec
2496 2083 2773 2144 civitatis
2827 2103 2975 2162 pars

375 2212 522 2254 cum
569 2191 801 2252 ceteris
850 2185 1355 2251 Atheniensibus
1403 2188 1465 2249 in
1516 2208 1708 2249 unam
1774 2189 2103 2251 civitatem
2165 2191 2574 2253 reconciliata
2629 2193 2729 2266 sit,
2798 2194 2972 2273 quod

333 2302 512 2364 >sine
560 2301 762 2362 dubio
811 2299 1144 2360 Diodorus
1204 2299 1344 2377 ipse
1407 2298 1544 2359 sive
1602 2318 1816 2360 errore
1872 2300 2009 2362 sive
2091 2320 2295 2379 pravo
2359 2301 2693 2365 brevitatis
2755 2305 2972 2366 studio

372 2411 607 2484 omisit,
661 2430 829 2483 nam,
880 2410 931 2470 si
979 2408 1244 2470 omnino
1292 2428 1422 2471 non
1468 2417 1756 2469 narraret
1805 2407 2070 2471 alteram
2116 2410 2464 2473 factionem
2527 2411 2831 2474 Eleusina
2899 2435 2971 2477 se

372 2523 738 2593 contulisse,
790 2520 920 2582 iam
968 2519 1104 2582 eius
1147 2517 1344 2580 fontis
1388 2518 1548 2581 haec
1598 2519 1881 2581 brevitas
1928 2518 2121 2583 fuisse
2169 2532 2412 2601 posset,
2460 2523 2575 2584 sed
2637 2524 2789 2603 quia
2846 2524 2971 2587 hoc

371 2633 665 2694 additum
716 2641 832 2704 est,
881 2629 1407 2692 verisimillimum
1455 2638 1553 2690 est
1609 2630 1972 2691 Diodorum
2035 2631 2267 2709 ipsum,
2331 2653 2461 2695 non
2522 2634 2657 2695 eius
2721 2635 2969 2697 fontem

374 2742 756 2824 neglexisse,
810 2741 965 2821 quid
1012 2740 1094 2801 de
1139 2739 1261 2800 hac
1309 2739 1541 2800 civium
1591 2749 1775 2820 parte
1822 2739 2066 2804 factum
2108 2751 2296 2804 esset.

584 2853 731 2933 Qua
781 2852 1028 2912 ratione
1076 2850 1139 2911 in
1201 2849 1637 2930 suspicionem
1699 2850 1996 2911 inductus
2057 2872 2236 2925 sum,
2301 2873 2497 2934 quam
2562 2855 2967 2936 supprimere

368 2964 540 3037 nolo,
622 2980 1019 3043 quamquam
1067 2978 1278 3039 neque
1326 2957 1481 3019 mihi
1531 2959 1650 3036 ipsi
1699 2959 1890 3037 plane
1939 2971 2036 3023 est
2080 2964 2365 3042 probata
2408 2982 2619 3043 neque
2669 2963 2771 3025 ulli
2827 2966 2964 3027 viro

368 3076 566 3136 docto
598 3074 871 3136 fortasse
906 3072 1093 3152 plane
1126 3068 1525 3151 probabitur.
1617 3070 1946 3131 Diodorus
1995 3072 2058 3133 in
2101 3073 2314 3154 capite
2362 3074 2656 3152 sequenti
2701 3094 2964 3137 narrans

366 3185 832 3266 Cyrenensium
879 3184 1040 3244 duas
1084 3181 1396 3243 factiones
1441 3199 1675 3261 pacem
1722 3181 1888 3243 inter
1933 3201 2003 3242 se
2051 3182 2277 3245 fecisse
2307 3183 2522 3248 addit:
2579 3186 2724 3248 »καὶ
2755 3208 2959 3268 παρα-

360 3298 572 3379 χρῆμα
619 3287 1200 3377 ὁρκωμοτήσαυτες
1231 3287 1319 3375 μὴ
1348 3292 1853 3373 μνησικακήσειν
1881 3294 2070 3373 κοινῇ
2100 3291 2225 3375 τὴν
2262 3290 2468 3355 πόλιν
2497 3289 2959 3378 κατῴκησανι,

366 3406 539 3467 idem
573 3406 768 3486 igitur
801 3403 977 3481 quod
1002 3402 1438 3463 Athenienses
1471 3399 1640 3461 bello
1665 3401 1995 3463 Eleusinio
2028 3400 2210 3463 finito
2245 3404 2691 3465 reconciliatos
2730 3404 2957 3472 fecisse

366 3516 427 3578 in
476 3516 704 3597 capitis
749 3511 1193 3576 antecedentis
1238 3510 1365 3572 fine
1410 3511 1800 3571 narrandum
1846 3519 2000 3576 erat.
2094 3512 2367 3574 Etiamsi
2414 3513 2589 3594 apud
2639 3493 2957 3595 Cyrenen-

362 3644 467 3685 ses
529 3623 718 3703 plane
776 3621 949 3682 idem
1017 3618 1310 3680 accidere
1379 3621 1625 3697 potuit,
1698 3629 1918 3682 tamen
1976 3641 2199 3683 secum
2263 3632 2568 3704 reputans
2627 3624 2824 3687 talem
2896 3646 2957 3688 a·

364 3733 709 3795 mnestiam
780 3730 953 3812 apud
1025 3730 1328 3808 antiquos
1398 3748 1607 3807 paene
1669 3730 2032 3792 inauditum
2080 3731 2318 3811 aliquid
2369 3752 2510 3794 esse
2558 3742 2623 3794 et
2669 3734 2957 3798 maxime

363 3863 508 3906 eam
552 3842 640 3904 ob
688 3859 951 3902 causam
996 3839 1379 3910 mirandum,
1429 3840 1480 3900 si
1529 3839 1660 3902 sere
1706 3841 1943 3902 eodem
2008 3850 2305 3921 tempore
2355 3843 2485 3903 duo
2551 3844 2776 3922 populi
2837 3845 2957 3907 dis-

363 3952 619 4015 cordias
666 3950 998 4012 intestinas
1042 3968 1119 4009 ea
1167 3949 1427 4010 decreta
1489 3948 1825 4022 finiverint,
1889 3972 1932 4011 a
1995 3952 2291 4014 Diodoro
2353 3962 2573 4014 autern
2637 3954 2956 4017 eiusmodi

362 4082 614 4125 errores
660 4061 904 4122 alienos
950 4078 1077 4120 non
1127 4077 1269 4119 esse
1317 4059 1617 4120 coniiciat
1663 4060 1806 4138 quis
1872 4081 2041 4132 eum,
2092 4082 2259 4142 quae
2326 4063 2389 4124 in
2449 4062 2628 4124 fonte
2688 4084 2810 4126 suo
2875 4065 2956 4127 de

364 4171 875 4234 Atheniensibus
923 4178 1182 4230 narrata
1216 4168 1550 4241 invenerit,
1600 4170 1682 4230 ad
1732 4168 2196 4249 Cyrenensium
2231 4172 2688 4235 condicionem
2717 4174 2952 4236 similli-

361 4302 534 4344 mam
584 4300 803 4342 errore
849 4278 1260 4341 transtulisse.

572 4391 800 4470 Neque
847 4388 1099 4450 silentio
1146 4389 1802 4467 praetermittendum
1849 4398 1968 4462 est,
2016 4390 2313 4468 quamvis
2361 4391 2423 4452 in
2490 4399 2713 4453 nostra
2762 4411 2953 4470 quae·

355 4503 565 4567 stione
608 4499 790 4587 parvi
839 4499 922 4559 sit
968 4499 1298 4574 momenti,
1350 4499 1719 4562 Diodorum
1755 4500 2012 4594 omnia&
2039 4519 2208 4580 quae
2241 4500 2323 4561 de
2359 4500 2640 4564 Athenis
2675 4502 2953 4584 receptis
