3459 5050
1627 288 1709 352 93

394 475 586 539 stiam
632 477 694 540 in
745 479 1029 542 urbanos
1075 487 1484 552 servaverint.
1582 488 1725 549 Hac
1772 488 1963 568 igitur
2009 488 2304 550 oratione
2349 507 2545 568 quam
2592 488 2875 550 maxime
2923 509 2981 549 a·

355 590 668 651 ·mnestia
701 591 1137 673 impugnatur,
1190 606 1471 659 attamen
1507 619 1716 682 neque
1749 597 1872 673 hac
1920 618 2114 661 causa
2159 598 2335 660 laesa
2381 608 2494 669 est,
2543 599 2707 682 quia?
2727 606 2985 660 constat

392 700 770 764 Euandrum
819 704 898 766 ol.
946 723 1034 784 99
1082 727 1137 769 a.
1191 725 1225 789 3
1277 733 1357 768 ,ἶ
1412 707 1599 788 382l1
1655 707 2032 772 archontem
2094 707 2305 771 fuisse.
2399 709 2625 790 Itaque
2663 708 2800 771 ·hac
2848 729 2983 773 ora·

388 812 565 874 tione
611 814 1063 896 Xenophontis
1110 820 1309 881 verba
1339 838 1533 898 supra
1580 818 1769 881 allata
1806 839 1935 880 non
1983 819 2308 892 tolluntur,
2362 821 2564 882 immo
2605 819 2984 883 confirman-

392 932 515 996 tur,
580 926 887 1006 quoniam
948 929 1196 1010 optime
1256 951 1339 993 ex
1400 929 1522 993 hac
1580 931 1872 992 oratione
1935 941 2204 1012 apparet
2266 930 2460 992 etiam
2518 950 2689 994 anno
2737 934 2861 1011 382
2927 952 2979 992 a·

394 1036 736 1097 mnestiam
783 1038 1059 1100 Athenis
1107 1041 1405 1108 valuisse.
2322 1034 2327 1037 ’

605 1146 830 1228 Atque
873 1147 1039 1212 hanc
1086 1161 1347 1233 oportet
1390 1152 1645 1215 illorum
1707 1152 2051 1214 verborum
2121 1171 2264 1213 esse
2322 1151 2712 1213 sententiam
2777 1172 2979 1234 usque

396 1255 478 1316 ad
528 1256 593 1318 id
641 1265 936 1338 tempuS,
986 1282 1119 1344 quo
1164 1262 1537 1345 Xenophon
1587 1262 1832 1345 primos
1881 1262 2077 1325 libros
2138 1261 2465 1343 scripserit
2524 1261 2624 1324 vel
2687 1261 2982 1334 finiverit.

395 1348 779 1431 amnestiam
827 1369 915 1433 ita
982 1372 1277 1446 valuisse,
1346 1382 1419 1434 ut
1471 1374 1634 1453 legis
1698 1373 2153 1435 auctoritatem
2223 1372 2569 1444 retinuerit,
2637 1381 2707 1435 ut
2770 1392 2982 1454 neque

395 1479 618 1561 populi
666 1481 929 1543 decreto
976 1483 1231 1546 sublata
1298 1485 1379 1546 sit
1423 1501 1634 1564 neque
1699 1483 2226 1545 damnationibus
2288 1483 2501 1545 multis
2562 1481 2736 1545 irrita
2793 1481 2980 1547 facta.

394 1590 764 1671 Numquam
833 1613 978 1655 eam
1049 1594 1289 1657 laesam
1336 1616 1477 1657 esse
1526 1615 1609 1658 ex
1650 1594 1752 1656 his
1798 1593 2011 1656 verbis
2057 1592 2273 1673 colligi
2321 1613 2452 1655 non
2484 1602 2745 1675 oportet
2774 1613 2985 1675 neque

396 1702 518 1763 dici
565 1703 796 1783 potuit,
849 1724 1017 1777 nam,
1069 1725 1462 1787 quamquam
1526 1725 1777 1785 paucae
1834 1705 1971 1766 sine
2030 1704 2232 1766 dubio
2294 1704 2586 1768 omnium
2648 1712 2984 1766 causarum

395 1813 485 1874 eis
535 1814 716 1875 annis
761 1822 1052 1876 actarum
1096 1816 1284 1879 nobis
1331 1824 1523 1879 notae
1567 1824 1737 1889 sunt,
1788 1824 2008 1878 tamen
2054 1815 2327 1893 saepius·
2361 1815 2642 1877 vidimus
2689 1813 2985 1878 homines

394 1923 702 1985 advers'us
747 1925 1129 1986 amnestiam
1159 1936 1521 1990 *accusatos
1555 1946 1715 1999 esse,
1770 1926 1953 1999 duos»,
1989 1925 2457 1988 Menestratum
2492 1934 2556 1987 et
2589 1925 2983 2006 Agoratum,

400 2035 742 2097 damnatos
786 2055 926 2098 esse
970 2037 1189 2099 videri.

1529 2198 1872 2299 Epilogus.

608 2346 642 2429 ἕ
693 2363 795 2426 33.
903 2347 1241 2410 Laudandi
1304 2357 1474 2410 certe
1534 2356 1682 2409 sunt
1753 2346 2187 2409 Athenienses
2246 2346 2422 2426 quod
2515 2346 2689 2409 mala
2755 2347 2984 2425 civilia,

398 2456 631 2536 quibus
680 2457 924 2520 maiora
969 2459 1191 2543 populi
1239 2479 1370 2521 non
1432 2478 1630 2540 saepe
1698 2457 2167 2541 perpetiuntur,
2229 2464 2367 2520 tam
2430 2456 2658 2519 leniter
2719 2477 2987 2541 compo-

399 2578 681 2642 suerunt,
711 2571 890 2651 quod
909 2590 1136 2633 omnes
1154 2570 1412 2634 iniurias
1443 2571 1844 2651 ignoverunt,
1875 2568 2053 2650 quod
2076 2587 2231 2630 cum
2254 2568 2345 2630 eis
2371 2567 2762 2642 hominibuS,
2796 2588 2835 2631 a
2855 2570 2987 2648 qui-

399 2679 523 2741 bus
547 2678 735 2742 bonis
761 2690 825 2742 et
849 2679 1109 2744 civitate
1134 2681 1366 2763 privati
1394 2690 1590 2753 erant,
1632 2680 2041 2743 concorditer
2065 2680 2380 2753 vixerunt,
2407 2688 2474 2742 et
2497 2677 2659 2741 haec
2685 2698 2787 2741 res
2802 2698 2988 2759 mag·

399 2809 549 2855 nam
569 2791 751 2869 parvi
778 2789 939 2852 illius
963 2791 1187 2873 populi
1215 2791 1489 2872 gloriam
1514 2790 1791 2853 firmavit
1811 2800 1876 2852 et
1901 2790 2097 2862 auxit,
2119 2809 2518 2873 quamquam
2540 2808 2672 2851 non
2699 2789 2987 2864 deerunt,

400 2901 510 2983 qui
535 2909 752 2962 tamen
800 2921 912 2963 eos
940 2902 1322 2985 vituperent,
1360 2903 1539 2987 quod
1568 2922 1698 2965 non
1732 2901 1922 2985 plane
1949 2901 2309 2962 amnestiae
2355 2908 2547 2982 pacta
2568 2899 2986 2973 servaverint,

399 3011 578 3094 quod
604 3012 869 3073 omnino
890 3014 1337 3104 accusationes
1360 3022 1630 3095 propter
1653 3031 1756 3074 res
1784 3010 2093 3075 oblivioni
2112 3011 2358 3074 dandas
2375 3008 2761 3091 acceperint.
2811 3009 2988 3072 Vidi-

401 3140 540 3182 mus
568 3122 630 3205 (ξ
659 3123 763 3201 29)
787 3123 1147 3186 Archinum
1171 3124 1317 3204 lege
1341 3144 1456 3186 sua
1482 3122 1545 3184 id
1570 3123 1803 3201 egisse,
1833 3130 1905 3184 ut
1926 3140 2158 3184 omnes
2184 3141 2416 3184 causae
2441 3120 2751 3182 adversus
2775 3139 2988 3183 amne-

399 3230 586 3293 stiam
615 3232 940 3295 institutae
983 3242 1052 3295 ut
1085 3235 1360 3298 iniustae
1395 3235 1822 3305 reiicerentur,
1865 3233 1981 3297 sed
2007 3254 2087 3295 ne
2126 3233 2249 3296 hac
2276 3231 2540 3315 quidem
2573 3230 2719 3311 lege
2745 3230 2991 3293 sactum

401 3350 520 3415 est,
569 3343 746 3426 quod
779 3353 1048 3423 propter
1078 3347 1461 3408 amnestiam
1495 3347 1703 3427 ipsam
1737 3344 1871 3412 fieri
1904 3344 2211 3429 oportuit.
2274 3340 2464 3405 Nulla
2499 3342 2709 3403 oratio
2736 3351 2994 3423 praeter

400 3451 568 3514 illam
619 3453 922 3517 Isocratis
970 3455 1104 3518 eius
1153 3456 1551 3519 mentionem
1598 3456 1766 3528 facit,
1817 3475 2028 3539 neque
2074 3454 2408 3535 Agoratus
2453 3452 2575 3514 hac
2607 3451 2753 3532 lege
2801 3472 2984 3514 accu-

402 3564 722 3626 sationem
768 3564 1045 3628 refutare
1093 3575 1362 3629 conatus
1412 3576 1526 3639 est,
1590 3585 1803 3650 neque
1851 3566 2226 3628 Andocides
2287 3583 2433 3626 eam
2494 3571 2987 3636 commemorat,

403 3694 614 3758 neque
661 3675 724 3736 in
772 3677 1172 3740 orationibus
1219 3677 1283 3738 in
1331 3676 1727 3759 δοκιμασίαις
1771 3675 2010 3739 habitis
2042 3676 2177 3738 eius
2222 3674 2294 3737 fit
2342 3675 2605 3748 mentiO,
2657 3694 2869 3757 neque
2917 3674 2989 3748 is,

404 3784 511 3867 qui
558 3784 856 3851 Isocratis
894 3787 1185 3850 oratione
1232 3807 1302 3848 se
1351 3786 1643 3848 defendit
1701 3785 1825 3847 hac
1871 3785 2014 3866 lege
2073 3784 2554 3847 accusationem
2612 3783 2988 3846 refutavisse

402 3897 557 3958 satis
603 3897 820 3970 habet,
871 3896 989 3958 sed
1034 3897 1248 3969 etiam,
1298 3897 1364 3958 id
1411 3896 1589 3980 quod
1636 3895 1770 3958 fieri
1819 3896 1952 3957 iure
1999 3915 2136 3957 non
2183 3894 2504 3977 oportuit,
2554 3915 2626 3958 se
2687 3895 2985 3957 innocen·

402 4016 533 4070 tem
568 4025 711 4068 esse
743 4003 1187 4069 demonstrare
1219 4016 1505 4072 conatur.
1557 4006 1780 4089 Atque
1812 4004 1967 4067 item
1999 4024 2231 4080 omnes
2260 4005 2574 4067 adversus
2606 4004 2999 4067 amnestiam

402 4116 705 4207 accusati,
776 4125 1231 4201 praeterquam
1304 4117 1481 4202 quod
1538 4136 1673 4189 reS,
1745 4135 2022 4200 quarum
2082 4116 2362 4179 accusati
2425 4124 2605 4189 sunt,
2679 4115 2994 4177 amnestia

404 4227 660 4290 decreta
707 4227 1036 4291 oblivione
1081 4227 1389 4291 delendas
1436 4247 1577 4290 esse
1621 4226 2088 4301 demonstrant,
2140 4226 2363 4288 iniuria
2408 4226 2702 4288 omnium
2760 4245 2987 4288 earum

401 4357 472 4399 se
514 4337 695 4417 argui
741 4337 1188 4401 demonstrare
1232 4347 1563 4401 conantur.
1663 4337 1971 4420 Sequitur
2033 4337 2263 4417 igitur„
2298 4345 2369 4400 ut
2425 4355 2618 4399 nemo
2681 4336 2801 4398 sibi
2848 4355 2986 4419 per·

400 4448 671 4516 suaserit
716 4448 872 4522 fore,
921 4459 991 4511 ut
1035 4457 1303 4532 propter
1348 4448 1552 4512 solam
1601 4447 1986 4512 amnestiam
2032 4467 2070 4512 a
2115 4447 2432 4515 iudicibus
2478 4446 2868 4515 liberaretur.
