3459 5050
849 8 876 26 ‘f

779 26 848 60 s
891 32 898 39 α
935 34 944 39 -.

483 60 776 193 s

53 194 485 449 Ἀ)
1051 246 1060 249 “
1821 244 1909 319 64

579 459 967 540 expositam,
1018 457 1224 520 altero
1270 456 1604 520 defensam
1653 466 1768 519 aut
1812 455 2112 519 affirmari
2161 464 2272 519 aut
2303 464 2479 518 certe
2526 476 2656 518 non
2705 454 2978 535 infringi.
3054 455 3168 518 At-

578 588 706 649 que
755 569 845 633 eis
892 568 1234 649 diligenter
1282 566 1677 646 perlustratis
1726 576 1793 629 et
1838 565 2107 648 singulis
2154 566 2312 629 locis
2357 575 2531 628 recte
2588 565 2926 649 explicatis
2974 567 3172 628 etiam

578 680 789 760 magis
835 678 1203 740 videbimus
1247 697 1344 749 ea,
1393 698 1562 761 quae
1612 675 1887 740 Grosser
1933 677 2015 739 de
2061 677 2420 739 amnestiiS·
2451 675 2703 747 duabus
2768 676 3063 755 docuerit
3110 684 3176 738 et

575 787 675 852 his
722 796 986 872 quoque
1033 787 1433 851 orationibus
1476 784 1734 852 firmare
1782 796 2055 849 conatus
2103 787 2202 861 sit,
2254 786 2467 850 refelli.
2618 862 2625 871 Ι

685 932 688 935 -
790 902 834 979 ξ
878 900 982 964 26.
1076 898 1369 979 Quarum
1426 899 1719 963 omnium
1781 899 1990 978 prima
2051 898 2451 978 respicienda
2511 906 2631 960 est·
2670 898 2907 978 Lysiae
2968 897 3172 960 oratio

577 1008 981 1083 duodecima,
1032 1029 1164 1092 qua
1209 1007 1712 1073 Eratosthenem
1761 1008 2284 1088 tringintavirum
2316 1007 2749 1082 Polemarchi,
2799 1006 3008 1072 fratris
3049 1008 3165 1080 sui,

572 1119 798 1181 mortis
863 1127 1141 1181 accusat.
1241 1119 1430 1181 Hanc
1490 1119 1661 1182 enim
1723 1138 1986 1182 causam
2058 1119 2350 1200 plerique
2413 1118 2765 1181 viri·docti
2829 1126 3061 1201 putant
3105 1138 3165 1179 a·

570 1229 849 1293 mnestia
914 1229 1215 1310 neglecta
1290 1238 1503 1293 actam
1586 1250 1758 1301 esse,
1832 1229 1948 1292 sed
2013 1229 2305 1291 oratione
2389 1230 2755 1297 examinata
2829 1239 2893 1291 et
2972 1227 3172 1308 perlu-

573 1347 775 1403 strata
834 1349 1128 1424 apertum
1200 1340 1319 1403 erit
1386 1338 1626 1402 nullam
1697 1340 1756 1401 ei
1825 1359 1976 1401 cum
2025 1339 2345 1404 amnestia
2394 1339 2793 1402 intercedere
2839 1339 3170 1402 rationem.

570 1448 826 1529 Quodsi
871 1450 1150 1534 primum
1196 1449 1279 1513 de
1325 1450 1514 1513 huius
1562 1451 1873 1514 orationis
1919 1461 2220 1535 tempore
2265 1451 2654 1532 quaerimuS‚
2725 1451 2889 1512 inter
2948 1467 3174 1512 omnes

574 1561 746 1622 viros
813 1558 1044 1622 doctos
1109 1579 1277 1622 nunc
1340 1569 1597 1623 constat
1657 1581 1803 1624 eam
1866 1560 2164 1624 habitam
2226 1581 2370 1624 esse
2427 1561 2623 1643 paulo
2683 1569 2835 1642 post
2880 1557 3173 1622 exsulum

570 1671 870 1744 reditum,
922 1671 1300 1751 priusquam
1344 1672 1597 1734 Eleusis
1644 1680 2154 1754 recuperaretur,
2215 1690 2364 1734 nam
2425 1671 2623 1735 etiam
2668 1668 3166 1761 Rauchenstein,

571 1781 681 1861 qui
703 1780 902 1854 ·olim‚
950 1781 1014 1842 in
1067 1780 1486 1861 »Philologm
1539 1780 1602 1844 X
1648 1801 1709 1861 p.
1772 1782 2116 1861 590-607
2166 1790 2232 1844 et
2279 1782 2343 1842 in
2387 1781 2539 1862 LyS.
2591 1800 2677 1841 or.
2725 1780 2834 1842 sel.
2888 1777 3171 1840 editione

573 1891 780 1964 tertia,
833 1900 1002 1974 post·
1029 1889 1266 1954 bellum
1314 1892 1728 1954 Eleusinium
1774 1891 2024 1954 finitum
2072 1901 2139 1953 et
2192 1891 2576 1956 amnestiam
2639 1891 2965 1953 decretam
3029 1908 3168 1950 eam

572 2000 810 2083 posuit,
859 2001 922 2062 in
974 1984 1365 2064 editionibus
1410 2003 1877 2081 posterioribus
1922 2000 2089 2064 hanc
2120 2003 2510 2064 sententiam
2549 2001 2810 2064 missam
2857 2000 3027 2073 fecit,
3077 2000 3168 2063 eis

569 2109 843 2173 fortasse
889 2120 1278 2184 commotuS‚
1330 2130 1497 2191 quae
1543 2110 1955 2193 Frohberger
2001 2113 2065 2174 in
2093 2133 2256 2174 ann.
2309 2112 2458 2194 phil.
2511 2122 2576 2173 et
2622 2111 2807 2192 paed.
2860 2107 3167 2172 LXXXII

570 2238 633 2299 p.
680 2222 812 2297 408
840 2236 1040 2296 -410
1086 2229 1312 2282 contra
1341 2239 1493 2281 eum
1539 2220 1915 2300 disputavit.
2014 2221 2211 2302 Quod
2243 2243 2390 2285 cum
2436 2223 2522 2285 ita
2554 2223 2654 2297 sit,
2707 2243 2791 2285 ex
2835 2222 2945 2295 εἰς,
3001 2208 3165 2301 quae

572 2330 653 2391 de
701 2331 1017 2393 amnestia
1065 2332 1277 2413 docui,
1326 2350 1609 2393 necesse·
1639 2340 1736 2394 est
1783 2333 1966 2413 sequi
2015 2332 2402 2396 amnestiam
2451 2333 2784 2395 decretam
2832 2352 2975 2394 esse
3020 2340 3168 2415 post

569 2440 736 2503 hanc
781 2441 1145 2504 orationem
1204 2441 1501 2503 habitam
1559 2462 1769 2527 eaque
1826 2462 2041 2526 neque
2101 2442 2266 2505 laedi
2334 2462 2544 2524 neque
2607 2444 2874 2505 omnino
2937 2440 3164 2521 respici

569 2573 780 2635 posse.
876 2552 1108 2631 Neque
1151 2552 1351 2614 ullum
1397 2561 1560 2614 tota‘
1585 2553 1883 2616 oratione
1931 2553 2254 2615 invenitur
2296 2554 2656 2617 amne-stiae
2703 2555 2901 2617 datae
2947 2552 3161 2615 indici-

570 2682 699 2736 um,
748 2662 811 2723 id
859 2662 1039 2743 quod
1084 2662 1141 2723 F
1143 2662 1542 2741 rohbergero
1588 2672 1654 2725 et
1703 2662 2005 2725 Heckero
2068 2673 2411 2743 tantopere
2459 2683 2840 2744 persuasum
2889 2673 3041 2736 erat,
3095 2670 3170 2724 ut

567 2772 667 2833 ille
715 2770 751 2836 l.
803 2770 837 2832 l.
890 2771 1238 2853 praecipue
1283 2770 1411 2833 hoc
1457 2781 1847 2851 argumento
1895 2782 2123 2837 contra
2185 2774 2804 2838 Rauchensteinium
2854 2782 3159 2845 uteretur,

560 2880 662 2943 hic
708 2900 838 2942 non
897 2881 1235 2943 minimum
1296 2879 1425 2943 hoc
1483 2892 1873 2961 argumento
1919 2894 2290 2947 commotus
2337 2885 2625 2947 libellum
2672 2884 2983 2946 scriberet
3038 2883 3157 2944 »de

566 2992 859 3053 oratione
892 2992 954 3052 in
987 2989 1492 3053 Eratosthenem
1525 2991 1760 3072 Lysiae
1806 2991 1838 3054 f
1846 2994 2026 3057 also
2075 2996 2356 3058 tributa<
2395 3015 2612 3079 progr.
2662 2994 2898 3075 Gymn.
2949 2991 3158 3072 Lugd.

573 3102 757 3175 1848.
852 3100 1280 3162 Nihilominus
1323 3099 1615 3174 Grosser‚
1664 3122 1861 3184 quem
1909 3113 2195 3167 statuere
2240 3113 2505 3184 oportet
2548 3104 2933 3176 amnestiam
2980 3121 3166 3164 suam

563 3210 842 3293 priorem
903 3220 969 3273 et
1036 3211 1425 3291 graviorem,
1487 3222 1840 3292 antequam
1902 3213 2068 3276 haee
2131 3214 2341 3276 oratio
2398 3213 2766 3294 haberetur,
2838 3213 3169 3274 decretam

564 3339 705 3381 esse
752 3329 818 3382 et
865 3321 1273 3383 iureiurando
1322 3332 1632 3395 sanctam,
1683 3323 2052 3405 complures
2115 3324 2426 3386 orationis
2481 3325 2661 3394 locos
2724 3323 2846 3385 sibi
2911 3323 3167 3385 videtur

561 3429 880 3492 invenisse
927 3432 1311 3493 amnestiam
1361 3432 1781 3522 respicientes
1828 3442 1895 3495 et
1939 3452 2122 3495 suam
2166 3435 2557 3496 sententiam
2605 3433 3022 3506 affirmanteS,
3071 3432 3156 3494 ul-

562 3538 695 3600 lum
740 3549 937 3619 negat
986 3548 1263 3611 exstare,
1315 3542 1429 3623 qui
1473 3544 1531 3604 ei
1580 3542 1994 3624 obloquatur,
2059 3565 2226 3627 quos
2288 3564 2516 3606 omnes
2581 3545 3037 3626 interpretatur
3102 3543 3168 3604 in

560 3647 709 3709 diss,
758 3667 821 3728 p.
857 3665 1137 3727 24-·32.
1236 3649 1365 3713 Sed
1413 3672 1545 3714 non
1593 3652 1851 3715 difficile
1895 3661 1993 3714 est
2037 3653 2121 3715 ad
2173 3654 2758 3717 demonstrandum
2807 3672 2957 3716 eum
3001 3652 3170 3715 hanc

562 3760 925 3824 orationem
968 3778 1098 3821 non
1142 3780 1329 3821 secus
1373 3763 1749 3824 tractavisse
1799 3782 1876 3824 ac
1906 3773 2158 3826 ceteros
2191 3764 2426 3846 fontes,
2478 3784 2690 3848 neque
2735 3765 2907 3826 enim
2940 3762 3024 3826 ad
3068 3783 3166 3834 ea,

558 3889 729 3951 quae
757 3877 1032 3942 exstant,
1058 3871 1442 3932 sententiam
1467 3891 1652 3938 suam
1677 3872 2217 3948 accommodavit,
2245 3874 2364 3937 sed
2393 3873 2748 3936 secundum
2777 3872 3169 3936 sententiam

559 3998 742 4041 suam
788 3988 939 4042 ante
986 3977 1206 4042 fictam
1252 3979 1421 4042 hanc
1468 4000 1733 4063 quoque
1781 3983 2148 4045 orationem
2199 3983 2659 4066 interpretatus
2705 3992 2820 4045 est.

776 4085 1185 4151 Amnestiam
1244 4090 1591 4153 arbitratur
1653 4092 1880 4174 respici
1945 4092 2009 4153 in
2073 4094 2158 4173 ἐξ
2222 4107 2323 4172 79,
2386 4096 2488 4166 80,
2553 4094 2656 4172 87,
2725 4095 2827 4166 88,
2891 4108 2996 4172 92,
3060 4106 3169 4172 95.

554 4199 627 4260 In
670 4200 752 4283 ἐξ
801 4214 882 4279 79
929 4208 995 4262 et
1044 4202 1129 4262 8ο
1174 4199 1327 4261 nihil
1376 4209 1495 4274 est,
1545 4201 1728 4284 quod
1790 4203 2182 4265 amnestiam
2244 4204 2452 4283 possit
2512 4211 2830 4285 spectare.
2924 4203 3174 4266 Multos

559 4308 801 4371 iudices
848 4308 1350 4373 Eratosthenem
1397 4310 1737 4385 absolvere
1797 4312 2121 4393 cupivisse
2187 4312 2382 4375 etiam
2445 4312 2586 4375 aliis
2645 4311 2953 4375 orationis
3010 4312 3174 4374 locis

555 4427 828 4489 constat,
858 4438 1069 4503 neque
1091 4430 1546 4503 veropropter
1569 4422 1969 4486 amnestiam
1992 4422 2219 4486 datam
2239 4423 2642 4508 cupiverunt,
2669 4422 2786 4484 sed
2802 4432 3172 4510 propterea,
