3459 5050
1565 363 1630 406 11

301 552 699 632 ἀνελθόντες
747 559 869 622 σὺν
912 571 1047 632 τοῖς
1091 552 1320 632 ὅπλοις
1366 558 1456 634 εἰς
1488 558 1611 643 τὴν
1657 556 2023 642 ἀκρόπολιν
2069 555 2321 624 ἔθυσαν
2365 565 2449 645 τῇ
2475 537 2729 650 Ἀθηνᾷ.
2770 561 2910 626 ἐπεὶ

299 667 364 730 δὲ
409 667 775 752 κατέβησαν
827 666 887 732 οἱ
947 670 1316 752 στρατηγοί,
1375 665 1543 732 ἔνθα
1602 669 1679 753 δὴ
1736 665 1773 733 ὁ
1839 670 2298 755 Θρασύβουλος
2362 668 2577 754 ἔλεξεν
2634 696 2692 735 κ.
2739 695 2796 736 τ.
2847 675 2902 735 λ.

298 820 317 842 e
342 828 357 842 .
386 824 402 844 .
432 825 488 839 ..
556 795 640 857 42
693 827 883 845 .....
934 777 1140 842 εἰπὼν
1185 778 1251 842 όὲ
1298 788 1509 844 ταῦτα
1533 828 1810 846 .......
1849 776 2160 864 ἀνέστησε
2203 780 2328 864 τὴν
2372 779 2738 865 ἐκκλησίαν.
2790 799 2898 862 43.
2955 844 2958 845 ι

294 888 405 950 καὶ
459 885 612 951 τότε
653 887 772 971 μὲν
831 884 1035 970 ἀρχὰς
1080 889 1639 973 καταστησάμενοι
1701 887 2181 954 ἐπολιτεύοντο.
2258 885 2512 975 ὑστέρῳ
2558 890 2625 954 δὲ
2683 890 2887 976 χρόνᾳ

295 993 699 1073 ἀκούσαντες
742 998 969 1081 ξένους
1011 1001 1416 1081 μισθοῦσθαι
1472 998 1629 1074 τοὺς
1672 994 2002 1076 Ἐλευσῖνι,
2061 1000 2607 1084 στρατευσάμενοι
2666 1001 2908 1133 πανόη-

291 1108 391 1189 μεὶ
435 1102 539 1170 ἐπ
584 1131 826 1183 αυτους
870 1131 1027 1182 τους
1072 1108 1189 1191 μὲν
1237 1108 1639 1193 στρατηγους
1696 1107 1922 1175 αὐτῶν
1977 1110 2066 1185 εἰς
2127 1109 2363 1194 λόγους
2407 1109 2736 1187 ἐλθόντας
2784 1135 2906 1176 απ-

294 1216 613 1297 έκτειναν,
676 1230 813 1293 τοῖς
876 1217 943 1282 δε
1002 1211 1221 1294 ἄλλοις
1283 1219 1760 1301 εἰσπέμψαντες
1827 1218 1982 1295 τοὺς
2038 1222 2273 1301 φίλους
2333 1223 2442 1285 καὶ
2509 1218 2906 1304 ἀναγκαίους

293 1324 558 1391 έπεισαν
606 1331 1104 1413 συναλλαγῆναι.
1154 1330 1262 1392 καὶ
1321 1325 1676 1412 ὀμόσαντες
1730 1324 1968 1413 ὃόκους
2000 1336 2038 1415 ἡ
2083 1330 2213 1414 μὴν
2265 1331 2353 1415 μὴ
2398 1331 2906 1415 μνησικακήσειν

295 1430 399 1500 ἔτι
461 1439 571 1501 καὶ
620 1447 742 1501 νῦν
788 1433 949 1521 ὁμοῦ
1003 1461 1074 1502 τε
1128 1440 1587 1504 πολιτεύονται
1633 1440 1742 1503 καὶ
1804 1452 1941 1515 τοῖς
1986 1434 2204 1524 ὅρκοις
2259 1438 2507 1524 ἐμμένει
2555 1436 2592 1505 ὁ
2638 1441 2855 1526 δῆμος
2871 1467 2897 1500 ι

507 1547 900 1628 Quindecim
946 1550 1138 1633 igitur
1184 1551 1320 1622 viri,
1387 1550 1495 1631 qui
1560 1550 1800 1631 Sparta
1863 1551 2038 1612 missi
2099 1560 2300 1625 erant,
2370 1570 2520 1613 cum
2581 1550 2896 1614 Pausania

295 1667 360 1720 et
404 1659 661 1721 duobus
707 1659 969 1740 ephoris
1019 1658 1309 1732 fortasse,
1363 1680 1530 1741 quos
1574 1660 1964 1721 Pausaniam
2035 1661 2381 1723 comitatos
2429 1681 2571 1724 esse
2620 1661 2684 1723 in
2730 1664 2770 1741 ξ
2820 1662 2903 1742 36

292 1769 586 1850 legimuS,
637 1769 803 1830 inter
849 1768 1350 1831 Atheniensium
1399 1779 1618 1851 partes
1684 1770 1847 1831 duas
1905 1790 2134 1851 pacem
2208 1770 2781 1834 reconciliaverunt
2826 1791 2905 1857 ea

290 1898 547 1941 summa
592 1880 1008 1958 condicione,
1058 1889 1128 1940 ut
1184 1900 1348 1960 pace
1406 1890 1473 1941 et
1536 1881 1887 1942 concordia
1935 1881 1998 1942 in
2048 1900 2243 1942 unam
2289 1882 2505 1943 denuo
2565 1882 2901 1944 civitatem

294 1989 675 2051 coniunctos
724 2009 866 2051 sese
901 2011 1130 2052 usuros
1177 2009 1318 2052 esse
1364 1990 1839 2072 pollicerentur,
1892 1999 1957 2053 et
1990 2000 2060 2053 ut
2106 2010 2221 2052 sua
2256 1991 2534 2072 quisque
2565 1991 2902 2081 reciperet.

294 2098 582 2177 Quarum
651 2099 1107 2160 condicionum
1177 2109 1479 2180 expertes
1527 2100 1646 2162 soli
1695 2109 1877 2161 erant
1922 2101 2301 2180 trigintaviri
2352 2109 2417 2162 et
2459 2101 2899 2175 undecimviri,

292 2209 400 2290 qui
463 2209 1020 2290 trigintavirorum
1080 2210 1405 2271 adiutores
1452 2209 1744 2272 crudeles
1792 2210 2073 2284 fuerant,
2137 2231 2304 2291 quos
2350 2210 2585 2271 eodem
2632 2231 2902 2274 munere

287 2317 546 2380 functos
593 2339 736 2380 esse
783 2327 980 2400 atque
1039 2319 1262 2401 populi
1325 2320 1615 2381 eiusdem
1682 2322 1960 2383 nominis
2022 2320 2482 2401 magistratum
2525 2320 2898 2400 Xenophon

287 2427 570 2490 ostendit
631 2427 1056 2490 Theramenis
1106 2438 1386 2492 mortem
1453 2450 1716 2492 narrans
1769 2430 1940 2509 (hell.
1992 2431 2047 2493 II
2109 2447 2164 2508 3,
2225 2432 2352 2513 54),
2409 2439 2475 2493 et
2523 2431 2895 2504 decemviri,

291 2540 399 2621 qui
460 2539 580 2600 sub
643 2541 930 2618 tyrannis
976 2542 1307 2603 Piraeeum
1375 2550 1695 2614 rexerant,
1761 2540 1844 2602 de
1891 2543 2131 2624 quibus
2181 2541 2555 2622 Xenophon
2616 2542 2898 2623 primum

291 2650 574 2730 loquitur
619 2650 676 2711 II
710 2664 768 2725 4,
816 2668 909 2726 19,
939 2671 1106 2732 quos
1132 2671 1344 2733 aeque
1379 2660 1576 2733 atque
1610 2652 2090 2713 undecimviros
2122 2651 2537 2733 trigintaviris
2567 2650 2899 2713 subiectos

293 2759 489 2822 fuisse
522 2760 679 2822 dicit
709 2761 891 2823 Plato
941 2762 1069 2845 (ep.
1107 2761 1228 2823 VII
1285 2777 1414 2839 324
1446 2761 1520 2845 C)
1569 2770 1633 2824 et
1681 2761 1871 2823 simul
1919 2782 2069 2824 cum
2116 2760 2215 2823 his
2265 2781 2305 2823 a
2342 2761 2681 2843 Lysandro
2727 2760 2896 2824 insti-

292 2879 470 2933 tutos
515 2891 657 2933 esse
713 2881 926 2933 narrat
986 2871 1362 2933 Plutarchus
1427 2872 1600 2954 (LyS.
1663 2874 1790 2954 15).
1900 2872 1985 2936 Hi
2049 2873 2241 2953 igitur
2316 2891 2545 2933 omnes
2592 2891 2632 2933 a
2682 2869 2891 2932 reditu

296 2982 536 3044 exclusi
586 2992 767 3044 erant
798 2991 864 3045 et
912 2983 1088 3044 bona
1118 3002 1344 3044 eorum
1377 2982 1791 3063 publicanda,
1843 2982 1924 3043 de
1959 3001 2088 3062 qua
2134 3002 2201 3043 re
2235 2981 2396 3043 infra
2443 2984 2510 3064 (ξ
2546 2995 2574 3062 5
2615 2990 2682 3044 et
2711 2983 2751 3061 ξ
2786 2979 2894 3062 26)

296 3094 653 3155 accuratius
703 3093 1148 3155 disserendum
1197 3092 1334 3157 erit.
1429 3091 1680 3154 Addita
1729 3100 1831 3155 est
1860 3092 2061 3154 altera
2093 3092 2410 3165 condici0,
2461 3092 2514 3153 si
2549 3093 2714 3153 inter
2757 3110 2889 3163 εοε,

294 3204 404 3284 qui
451 3203 513 3264 in
564 3203 720 3265 urbe
771 3202 1037 3273 fuerant,
1089 3201 1375 3264 nonnulli
1422 3212 1656 3275 essent,
1707 3202 1816 3283 qui
1882 3202 2075 3263 rebus
2122 3201 2504 3283 compositis
2566 3221 2698 3264 non
2744 3220 2896 3288 con-

294 3310 584 3385 fiderent,
634 3322 705 3374 ut
751 3312 850 3373 his
896 3311 1115 3373 liceret
1159 3311 1466 3374 Eleusina
1509 3332 1579 3374 se
1624 3311 1937 3386 conferre,
1989 3332 2188 3393 quam
2237 3312 2465 3373 urbem
2511 3311 2893 3391 trigintaviri

295 3423 723 3504 possidebant
767 3431 830 3484 et
877 3431 1014 3484 tum
1048 3423 1463 3495 retinuerunt,
1514 3443 1680 3503 quos
1728 3423 1865 3484 sine
1898 3422 2099 3484 dubio
2144 3421 2382 3492 statim,
2431 3441 2582 3484 cum
2614 3420 2893 3483 Athenis

296 3551 376 3593 eo
437 3533 806 3613 migrarent,
872 3531 1054 3596 multi
1102 3553 1139 3594 e
1184 3532 1389 3593 tribus
1452 3531 1569 3593 illis
1625 3532 1863 3593 civium
1926 3532 2181 3594 milibus
2238 3532 2445 3593 secuti
2499 3539 2650 3593 sunt
2697 3540 2764 3592 et
2810 3531 2893 3592 ad

295 3662 462 3724 quos
508 3641 611 3703 alii
659 3641 781 3703 hac
827 3642 1006 3723 pacis
1049 3643 1430 3705 condicione
1493 3642 1588 3703 usi
1652 3642 1933 3722 migrare
1993 3647 2294 3720 poterant
2359 3649 2425 3702 et
2469 3649 2641 3702 certe
2689 3638 2888 3712 multi,

296 3752 533 3833 quibus
581 3761 853 3834 propter
898 3750 1184 3812 facinora
1232 3752 1638 3813 redeuntium
1689 3751 1847 3813 ultio
1895 3750 2183 3814 timenda
2224 3758 2380 3823 erat,
2428 3750 2890 3831 migraverunt.

508 3863 673 3924 Pace
719 3862 812 3923 sic
859 3862 1225 3946 composita
1273 3862 1621 3923 Pausanias
1669 3862 2027 3924 exercitum
2069 3880 2260 3922 suum
2306 3860 2564 3931 dimisit,
2614 3859 2716 3921 vel
2762 3878 2892 3921 rec-

294 3972 424 4033 tius
455 3972 688 4033 milites
738 3972 1076 4033 auxiliares
1108 3981 1172 4033 et
1221 3971 1671 4044 mercenari05‚
1723 3991 1888 4052 quos
1935 3991 1974 4032 a
2018 3969 2361 4050 Lysandro
2393 3977 2756 4050 acceperat,
2806 3968 2892 4030 di-

297 4081 489 4154 misit,
564 4082 1122 4143 Lacedaemonios
1183 4081 1455 4142 reduxit.
1565 4080 2004 4142 Athenienses
2064 4089 2285 4168 autem
2349 4079 2601 4140 exsules
2665 4079 2892 4140 urbem

270 4184 825 4253 ⁴intraverunt-et
891 4192 954 4253 in
1023 4210 1238 4252 arcem
1301 4191 1748 4263 ascenderunt,
1816 4189 1923 4252 ubi
1971 4189 2302 4251 Minervae
2352 4208 2537 4254 sacra
2586 4187 2889 4250 fecerunt.

296 4299 511 4380 Quem
560 4300 893 4361 introitum
925 4300 1300 4362 Plutarchus
1347 4299 1452 4380 (de
1499 4299 1701 4380 gloria
1737 4300 1977 4362 Athen.
2015 4320 2068 4363 c.
2111 4302 2173 4382 7)
2218 4298 2418 4359 tradit
2462 4297 2702 4359 facturn
2753 4317 2894 4358 esse

296 4411 539 4471 mensis
601 4409 1094 4472 Boedromionis
1161 4410 1264 4471 die
1323 4410 1715 4471 duodecimo
1779 4410 1901 4475 i.e.
1962 4418 2113 4470 ante
2177 4407 2350 4471 diem
2413 4407 2505 4469 XI
2549 4407 2694 4468 Kal.
2746 4405 2891 4468 Oct.

295 4519 553 4584 Deinde
600 4520 664 4584 in
710 4521 927 4603 Pycna
973 4520 1467 4594 descenderunt,
1520 4520 1627 4581 ubi
1676 4520 2051 4585 contionem
2113 4519 2498 4590 habuerunt,
2566 4517 2657 4579 sic
2721 4517 2894 4581 enim
