3459 5050
1734 220 1820 282 90

1570 297 1875 319 *0¹*
1884 286 1989 305 0⁴——

488 419 911 504 paragraphis
958 418 1127 491 enim
1181 432 1209 498 5
1224 432 1432 499 5--57
1482 428 1700 482 orator
1748 427 1958 481 narrat
2005 418 2489 491 Menestratum,
2556 418 2667 498 qui
2713 417 3066 497 trigintavi-

489 552 706 596 rorum
752 540 1047 617 tempore
1092 530 1338 593 eisdem
1383 529 1514 593 fere
1558 530 1924 602 sceleribuS,
1981 529 2216 613 quibus
2249 528 2602 608 AgoratuS,
2659 529 2779 590 toti
2822 527 3092 615 populo-

491 663 559 704 se
605 642 882 708 invisum
931 641 1329 715 reddidisset,
1381 651 1687 724 posteaa
1734 640 1997 724 popu10,
2045 639 2289 701 scilieet
2314 647 2582 720 propter
2614 660 2714 701 res
2751 639 3072 700 oblivione

492 753 817 821 delendas,
855 760 1039 832 ¹po‘st
1108 732 1490 833 amnestiam
1536 753 1865 814 decretam
1914 750 2320 812 interfectum
2367 770 2528 823 esse,
2580 768 2729 810 nam
2776 768 2905 809 non
2953 748 3083 809 alia·

494 862 777 936 facinora
801 872 1031 944 postea
1056 862 1454 925 commisisse
1477 862 1747 935 videtur,
1768 861 2002 944 quibus
2016 860 2181 922 hanc
2197 878 2479 941 poenam
2497 859 2618 921 sibi
2636 858 3062 924 contraheret.

615 1036 620 1041 ,
689 973 807 1047 -De
852 973 1118 1053 singulis
1161 973 1350 1036 huius
1394 973 1703 1036 orationis
1749 972 1906 1034 locis
1956 992 2161 1054 pauca
2224 970 2410 1032 nobis
2448 970 2840 1032 annotanda
2903 980 3063 1035 sunt.

494 1085 528 1169 ἓ
578 1087 662 1148 80
708 1084 906 1149 verba
960 1081 1061 1147 »ai
1121 1083 1492 1166 dtaZZayai«
1562 1084 1689 1144 iam
1750 1083 1808 1165 (ξ
1861 1087 1919 1167 7)
1985 1083 2264 1144 vidimus
2323 1082 2407 1143 ad
2468 1100 2698 1163 pacem
2742 1081 3071 1142 'Pausania

495 1203 756 1257 auctore
802 1193 1232 1275 compositam
1279 1193 1612 1255 referenda
1658 1213 1814 1254 esse.
1912 1194 1983 1255 In
2032 1194 2104 1277 ἐξ
2163 1195 2423 1271 88—-90
2471 1202 2688 1254 orator
2735 1193 2816 1254 de
2864 1212 3074 1260 amne·

491 1305 614 1369 stia
660 1304 943 1387 loquitur
987 1313 1053 1366 et
1098 1305 1354 1388 saepius
1400 1324 1545 1366 eam
1590 1314 1814 1367 vocat:
1868 1300 2061 1378 »τοὺς
2111 1296 2346 1387 ὅρκους
2380 1303 2486 1366 καὶ
2520 1299 2640 1376 τὰς
2683 1302 3102 1386 ovvffijxage„

496 1435 663 1498 quae
709 1415 907 1477 verba
955 1415 1110 1494 quid
1147 1416 1280 1477 ¹sibi
1328 1415 1542 1488 velint,
1595 1415 1723 1476 iam
1773 1415 2032 1496 saepius
2081 1414 2324 1476 dictum
2372 1421 2490 1478 est.
2587 1413 2838 1492 Quodsi
2887 1433 3084 1496 quam

494 1526 899 1604 apertissime
944 1524 1046 1586 hic
1092 1524 1272 1587 locus
1320 1526 1602 1588 ostendit
1648 1504 2031 1588 amnestiam
2080 1524 2374 1586 exsulum
2408 1533 2474 1586 et
2505 1525 2905 1590 urbanorum
2944 1544 3086 1605 pac·

499 1636 746 1701 tionem
791 1634 1007 1708 fuisse,
1059 1642 1154 1696 ex'
1186 1637 1297 1717 015,
1347 1655 1514 1715 quae
1562 1656 1758 1716 supra
1807 1638 1874 1717 (ξ
1925 1637 1985 1717 7)
2033 1635 2472 1718 exposuimuS,
2525 1633 2938 1696 manifestum
2986 1643 3086 1696 est

496 1744 623 1808 hoc
669 1765 799 1807 non
854 1744 1063 1806 facere
1110 1754 1337 1808 contra
1383 1745 1772 1808 sententiam
1821 1754 2126 1810 nostram.

710 1856 1013 1930 Aqddatur
1073 1855 1222 1917 huic
1289 1857 1562 1919 orationi
1626 1857 1858 1930 altera,
1927 1875 2125 1937 quam
2172 1856 2454 1919 breviter
2497 1855 2822 1928 tractabo,
2890 1875 3087 1936 quam

500 1975 720 2029 tamen
769 1967 1020 2029 silentio
1070 1968 1414 2048 praeterire
1468 1987 1598 2029 non
1657 1966 1824 2040 licet,
1872 1968 2107 2047 Lysiae
2168 1967 2316 2029 dico
2373 1968 2738 2029 orationem
2788 1966 3087 2028 duodevi-

498 2077 842 2150 cesimam,
905 2098 1072 2159 quae
1136 2098 1306 2140 nunc
1368 2078 1735 2140 inscribitur
1806 2078 1990 2162 »περὶ
2050 2077 2413 2162 δημεύσεως
2475 2085 2612 2142 τῶν
2671 2086 2799 2146 τοῦ,
2851 2077 3086 2142 Νικίου

499 2183 785 2267 ἀδελφοῦ
833 2185 1218 2272 [ἓπίλογος],
1280 2188 1431 2250 olim
1496 2185 1702 2254 »κατὰ
1750 2185 2153 2270 Πολιόχουκ,
2216 2188 2293 2250 cf.
2341 2187 2522 2250 Blass
2568 2188 2605 2253 l.
2656 2188 2690 2249 1.
2743 2189 2770 2249 Ι
2818 2208 2879 2267 p.
2934 2199 3081 2267 522,

504 2318 674 2379 quae
721 2297 971 2360 circiter
1028 2318 1198 2359 anno
1263 2299 1390 2377 396
1437 2298 1658 2361 habita
1705 2308 1822 2362 est.
1919 2299 2088 2378 Quia
2135 2301 2308 2382 prior
2351 2299 2539 2361 huius
2587 2298 2894 2362 orationis
2940 2316 3086 2376 pars

501 2407 841 2490 deperdita
898 2418 1025 2478 est,
1090 2408 1287 2472 altera
1351 2419 1683 2491 corrupta,
1748 2418 1889 2472 tota
1950 2430 2145 2472 causa
2191 2411 2524 2473 obscurior
2572 2418 2701 2481 est,
2762 2428 2959 2490 quam
3006 2408 3085 2469 de

500 2539 652 2602 qua⁴
697 2519 1032 2583 diiudicari
1095 2519 1326 2602 possit.
1433 2520 1556 2588 De⁴
1608 2541 1737 2601 qua
1786 2520 2164 2601 quaestione
2232 2520 2520 2603 pluribus
2551 2520 2765 2582 verbis
2818 2528 3088 2601 egerunt

501 2639 758 2713 praeter
800 2630 1114 2692 Blassium
1179 2632 1217 2696 l.
1265 2631 1302 2696 l.
1349 2632 1424 2693 R.
1480 2630 1739 2694 Schoell
1809 2633 2261 2713 »quaestiones
2321 2630 2566 2693 fiscales
2623 2632 2774 2693 iuris
2819 2630 3082 2702 Attici«,

501 2761 560 2805 a.
609 2742 797 2820 ‘1873
832 2788 845 2814 ,
917 2739 1162 2803 Sachse
1240 2743 1734 2823 >quaestionum
1803 2742 2224 2823 Lysiacarum
2294 2742 2702 2821 specimen«,
2775 2762 2831 2805 3.
2904 2744 3084 2820 1873,

502 2849 841 2912 Thalheim
920 2852 1071 2913 »des
1114 2852 1346 2932 Lysias
1409 2853 1592 2915 Rede
1660 2852 1759 2915 fiir
1820 2839 2290 2934 Polystratos«,
2356 2874 2412 2918 a.
2475 2853 2654 2931 1876.
2750 2851 3088 2913 Poliochus

502 2959 715 3039 legem
761 2961 1044 3040 rogavit,
1096 2971 1165 3024 ut
1211 2962 1522 3036 Eucratis,
1586 2963 1807 3026 Niciae
1854 2963 2078 3036 fratris,
2130 2964 2304 3025 bona
2361 2961 2855 3044 publicarentur,
2922 2981 3087 3043 quae

500 3069 607 3132 lex
650 3070 1007 3148 secundum
1052 3074 1093 3151 ξ
1150 3088 1227 3149 14
1270 3082 1540 3154 accepta
1586 3093 1727 3136 esse
1777 3074 2047 3139 videtur.
2144 3073 2276 3135 Sed
2325 3093 2436 3134 cur
2489 3093 2567 3134 ea
2626 3072 2938 3153 publicari
2983 3092 3087 3133 vo·

502 3179 707 3252 luerit,
759 3199 887 3241 non
933 3179 1151 3264 liquet.
1246 3183 1578 3256 EucrateS,
1628 3183 1853 3266 popul-i
1901 3184 2148 3246 amicus
2195 3205 2230 3244 a
2278 3183 2688 3263 trigintaviris
2721 3181 3092 3244 interfectus

503 3299 667 3362 erat,
744 3299 809 3352 et
878 3290 1151 3352 credunt
1192 3292 1527 3355 Francken
1574 3293 1611 3358 l.
1661 3294 1696 3356 l.
1747 3315 1810 3376 p.
1871 3310 1991 3371 124
2040 3302 2104 3355 et
2149 3293 2250 3355 alii
2293 3302 2561 3375 propter
2604 3293 2777 3355 idem
2827 3291 3086 3365 crimen,

503 3400 680 3480 quod
724 3399 782 3461 ei
822 3412 1098 3462 mortem
1145 3403 1534 3483 paravisset,
1586 3403 1974 3466 Poliochum
2010 3405 2183 3466 bona
2230 3405 2366 3465 eius
2413 3402 2725 3483 publicari
2787 3403 3085 3468 voluisse.

503 3508 701 3589 Quod
747 3509 799 3570 si
849 3519 1023 3572 recte
1045 3531 1123 3580 „se
1156 3511 1442 3586 haberet,
1476 3513 1835 3588 PoliochuS‚
1872 3523 1941 3576 ut
1971 3514 2143 3575 viros
2175 3513 2522 3595 populares
2563 3514 2837 3595 puniret,
2874 3509 3086 3576 a'mne-

503 3621 691 3682 stiam
752 3621 1006 3684 laedere
1054 3632 1321 3685 conatus
1381 3633 1581 3697 esset,
1617 3645 1785 3706 quae
1816 3625 2136 3688 sententia
2169 3624 2324 3685 mihi
2357 3624 2596 3686 nullam
2631 3624 2763 3684 veri
2800 3624 3086 3705 speciem

501 3729 745 3793 habere
811 3732 1104 3807 videtur,
1183 3754 1575 3815 quamquam
1651 3735 1778 3797 hoc
1856 3756 1938 3797 ex
2007 3736 2299 3797 oratione
2377 3734 2745 3814 collegerim
2817 3743 3088 3816 propter

502 3842 742 3906 crimen
816 3842 1077 3922 aliquod
1152 3846 1465 3907 amnestia
1538 3845 1951 3927 promulgata
2028 3845 2334 3909 oblivioni
2410 3845 2695 3907 dandum
2770 3843 3087 3925 populum

503 3952 678 4014 bona
721 3952 1111 4034 publicanda
1158 3974 1299 4017 esse
1347 3955 1778 4028 constituisse,
1826 3955 1903 4022 cf.
1954 3957 2060 4039 §8
2109 3965 2172 4018 et
2216 3957 2299 4035 ἓξ
2343 3971 2614 4034 13—19.
2693 3952 2825 4017 Sed
2871 3954 3086 4036 potius

503 4079 648 4123 cum
696 4061 1106 4125 Thalheimio
1152 4064 1188 4125 1.
1239 4064 1278 4129 l.
1330 4065 1708 4130 crediderim
1770 4065 1899 4129 hoc
1960 4066 2201 4126 crimen
2266 4064 2458 4127 fuisse
2507 4064 2852 4145 Diogneti,
2915 4063 3088 4125 hunc

502 4180 725 4234 contra
790 4174 1141 4252 populares
1196 4177 1583 4255 peccavisse.
1680 4175 1896 4256 Quam
1959 4179 2048 4238 ob
2127 4196 2258 4237 rem
2324 4175 2632 4237 adversus
2699 4174 3087 4244 amnestiam

501 4282 665 4346 haee
707 4303 903 4345 causa
950 4284 1241 4347 instituta
1287 4305 1427 4349 esse
1470 4285 1753 4359 videtur,
1804 4286 1920 4348 sed
1968 4286 2051 4351 de
2115 4287 2237 4352 hac
2299 4285 2679 4368 quaestione
2739 4283 3089 4347 diiudicare

503 4412 632 4459 non
680 4413 1041 4480 possumus.
2992 4377 2997 4382 ’
