<?xml version="1.0" encoding="UTF-8"?>
<!DOCTYPE html PUBLIC "-//W3C//DTD XHTML 1.0 Transitional//EN"
    "http://www.w3.org/TR/xhtml1/DTD/xhtml1-transitional.dtd">
<html xmlns="http://www.w3.org/1999/xhtml" xml:lang="en" lang="en">
 <head>
  <title>
</title>
<meta http-equiv="Content-Type" content="text/html;charset=utf-8" />
  <meta name='ocr-system' content='tesseract 3.04.00' />
  <meta name='ocr-capabilities' content='ocr_page ocr_carea ocr_par ocr_line ocrx_word'/>
</head>
<body>
  <div class='ocr_page' id='page_1' title='image "./deamnestiaannoc01luebgoog_0101.png"; bbox 0 0 3459 5050; ppageno 0'>
   <div class='ocr_carea' id='block_1_1' title="bbox 1523 18 1674 87">
    <p class='ocr_par' dir='ltr' id='par_1_1' title="bbox 1523 18 1674 87">
     <span class='ocr_line' id='line_1_1' title="bbox 1523 18 1674 87; baseline 0.013 -62"><span class='ocrx_word' id='word_1_1' title='bbox 1523 18 1674 87; x_wconf 42' lang='lat'><strong>&#39;¹⁴⁸‘</strong></span> 
     </span>
    </p>
   </div>
   <div class='ocr_carea' id='block_1_2' title="bbox 1590 238 1670 341">
    <p class='ocr_par' dir='ltr' id='par_1_2' title="bbox 1590 238 1670 341">
     <span class='ocr_line' id='line_1_2' title="bbox 1590 238 1670 341; baseline 0 -19"><span class='ocrx_word' id='word_1_2' title='bbox 1590 238 1670 341; x_wconf 54' lang='grc'><strong>91</strong></span> 
     </span>
    </p>
   </div>
   <div class='ocr_carea' id='block_1_3' title="bbox 1437 353 1860 365">
    <p class='ocr_par' dir='ltr' id='par_1_3' title="bbox 1437 353 1860 365">
     <span class='ocr_line' id='line_1_3' title="bbox 1437 353 1860 365; baseline 0 4685"><span class='ocrx_word' id='word_1_3' title='bbox 1437 353 1860 365; x_wconf 95' lang='lat' dir='ltr'><strong> </strong></span> 
     </span>
    </p>
   </div>
   <div class='ocr_carea' id='block_1_4' title="bbox 331 470 2959 4537">
    <p class='ocr_par' dir='ltr' id='par_1_4' title="bbox 345 470 2959 2551">
     <span class='ocr_line' id='line_1_4' title="bbox 557 470 2938 559; baseline 0.002 -24"><span class='ocrx_word' id='word_1_4' title='bbox 557 470 785 555; x_wconf 84' lang='lat' dir='ltr'><strong>ltaque</strong></span> <span class='ocrx_word' id='word_1_5' title='bbox 833 475 1007 537; x_wconf 90' lang='lat' dir='ltr'><strong>malo</strong></span> <span class='ocrx_word' id='word_1_6' title='bbox 1052 495 1197 538; x_wconf 89' lang='lat' dir='ltr'><strong>eam</strong></span> <span class='ocrx_word' id='word_1_7' title='bbox 1244 476 1506 539; x_wconf 85' lang='lat' dir='ltr'><strong>missam</strong></span> <span class='ocrx_word' id='word_1_8' title='bbox 1556 475 1767 539; x_wconf 89' lang='lat' dir='ltr'><strong>facere</strong></span> <span class='ocrx_word' id='word_1_9' title='bbox 1816 486 1880 540; x_wconf 87' lang='lat' dir='ltr'><strong>et</strong></span> <span class='ocrx_word' id='word_1_10' title='bbox 1924 492 2132 557; x_wconf 87' lang='lat' dir='ltr'><strong>pauca</strong></span> <span class='ocrx_word' id='word_1_11' title='bbox 2179 477 2260 540; x_wconf 89' lang='lat' dir='ltr'><strong>de</strong></span> <span class='ocrx_word' id='word_1_12' title='bbox 2316 476 2474 540; x_wconf 85' lang='lat' dir='ltr'><strong>locis</strong></span> <span class='ocrx_word' id='word_1_13' title='bbox 2520 477 2790 559; x_wconf 87' lang='lat' dir='ltr'><strong>singulis</strong></span> <span class='ocrx_word' id='word_1_14' title='bbox 2835 497 2938 540; x_wconf 83' lang='lat' dir='ltr'><strong>an·</strong></span> 
     </span>
     <span class='ocr_line' id='line_1_5' title="bbox 349 585 2942 668; baseline 0.003 -25"><span class='ocrx_word' id='word_1_15' title='bbox 349 591 591 648; x_wconf 89' lang='lat' dir='ltr'><strong>notare.</strong></span> <span class='ocrx_word' id='word_1_16' title='bbox 685 585 756 646; x_wconf 95' lang='lat' dir='ltr'><strong>In</strong></span> <span class='ocrx_word' id='word_1_17' title='bbox 803 587 843 665; x_wconf 69' lang='lat'>§</span> <span class='ocrx_word' id='word_1_18' title='bbox 901 598 970 665; x_wconf 85' lang='lat'><strong>15</strong></span> <span class='ocrx_word' id='word_1_19' title='bbox 1021 586 1184 650; x_wconf 87' lang='lat' dir='ltr'><strong>inter</strong></span> <span class='ocrx_word' id='word_1_20' title='bbox 1231 606 1300 648; x_wconf 90' lang='lat' dir='ltr'><strong>se</strong></span> <span class='ocrx_word' id='word_1_21' title='bbox 1348 597 1774 667; x_wconf 88' lang='lat' dir='ltr'><strong>opponuntur</strong></span> <span class='ocrx_word' id='word_1_22' title='bbox 1816 597 2040 666; x_wconf 86' lang='lat' dir='ltr'><strong>pacta,</strong></span> <span class='ocrx_word' id='word_1_23' title='bbox 2090 607 2258 668; x_wconf 90' lang='lat' dir='ltr'><strong>quae</strong></span> <span class='ocrx_word' id='word_1_24' title='bbox 2307 586 2746 651; x_wconf 85' lang='lat' dir='ltr'><strong>Athenienses</strong></span> <span class='ocrx_word' id='word_1_25' title='bbox 2793 608 2942 651; x_wconf 89' lang='lat' dir='ltr'><strong>cum</strong></span> 
     </span>
     <span class='ocr_line' id='line_1_6' title="bbox 350 690 2943 780; baseline 0.002 -26"><span class='ocrx_word' id='word_1_26' title='bbox 350 693 880 757; x_wconf 83' lang='lat' dir='ltr'><strong>Lacedaemoniis</strong></span> <span class='ocrx_word' id='word_1_27' title='bbox 925 695 1211 770; x_wconf 85' lang='lat' dir='ltr'><strong>fecerint,</strong></span> <span class='ocrx_word' id='word_1_28' title='bbox 1264 706 1329 758; x_wconf 86' lang='lat' dir='ltr'><strong>et</strong></span> <span class='ocrx_word' id='word_1_29' title='bbox 1373 717 1469 771; x_wconf 87' lang='lat' dir='ltr'><strong>ea,</strong></span> <span class='ocrx_word' id='word_1_30' title='bbox 1519 717 1683 777; x_wconf 89' lang='lat' dir='ltr'><strong>quae</strong></span> <span class='ocrx_word' id='word_1_31' title='bbox 1729 698 1894 760; x_wconf 87' lang='lat' dir='ltr'><strong>inter</strong></span> <span class='ocrx_word' id='word_1_32' title='bbox 1937 718 2008 759; x_wconf 90' lang='lat' dir='ltr'><strong>se</strong></span> <span class='ocrx_word' id='word_1_33' title='bbox 2052 690 2334 772; x_wconf 83' lang='lat' dir='ltr'><strong>fecerint,</strong></span> <span class='ocrx_word' id='word_1_34' title='bbox 2385 697 2468 760; x_wconf 90' lang='lat' dir='ltr'><strong>de</strong></span> <span class='ocrx_word' id='word_1_35' title='bbox 2526 718 2660 780; x_wconf 91' lang='lat' dir='ltr'><strong>qua</strong></span> <span class='ocrx_word' id='word_1_36' title='bbox 2702 708 2770 761; x_wconf 89' lang='lat' dir='ltr'><strong>re</strong></span> <span class='ocrx_word' id='word_1_37' title='bbox 2815 699 2943 760; x_wconf 88' lang='lat' dir='ltr'><strong>iam</strong></span> 
     </span>
     <span class='ocr_line' id='line_1_7' title="bbox 349 801 2947 891; baseline 0.003 -26"><span class='ocrx_word' id='word_1_38' title='bbox 349 805 406 888; x_wconf 62' lang='grc' dir='ltr'><strong>(ξ</strong></span> <span class='ocrx_word' id='word_1_39' title='bbox 443 808 503 888; x_wconf 89' lang='grc'><strong>7)</strong></span> <span class='ocrx_word' id='word_1_40' title='bbox 552 804 1014 887; x_wconf 48' lang='grc' dir='ltr'><em>ἀίεεετυὶιῃιιε,</em></span> <span class='ocrx_word' id='word_1_41' title='bbox 1072 807 1455 870; x_wconf 86' lang='lat' dir='ltr'><strong>Amnestiae</strong></span> <span class='ocrx_word' id='word_1_42' title='bbox 1486 818 1820 890; x_wconf 88' lang='lat' dir='ltr'><strong>praeterea</strong></span> <span class='ocrx_word' id='word_1_43' title='bbox 1855 808 2103 871; x_wconf 90' lang='lat' dir='ltr'><strong>mentio</strong></span> <span class='ocrx_word' id='word_1_44' title='bbox 2145 808 2218 871; x_wconf 90' lang='lat' dir='ltr'><strong>fit</strong></span> <span class='ocrx_word' id='word_1_45' title='bbox 2263 810 2305 888; x_wconf 63' lang='grc' dir='ltr'>ἓ</span> <span class='ocrx_word' id='word_1_46' title='bbox 2355 824 2471 886; x_wconf 80' lang='grc'>·13;</span> <span class='ocrx_word' id='word_1_47' title='bbox 2528 801 2947 891; x_wconf 41' lang='grc' dir='ltr'><em>»ὥσθ’,ὑμᾶς</em></span> 
     </span>
     <span class='ocr_line' id='line_1_8' title="bbox 347 908 2942 1003; baseline 0.001 -24"><span class='ocrx_word' id='word_1_48' title='bbox 347 913 502 991; x_wconf 75' lang='grc' dir='ltr'><em>τοὺς</em></span> <span class='ocrx_word' id='word_1_49' title='bbox 548 913 823 994; x_wconf 78' lang='grc' dir='ltr'><em>αὐτούς,</em></span> <span class='ocrx_word' id='word_1_50' title='bbox 888 917 1036 1001; x_wconf 84' lang='grc' dir='ltr'><em>περὶ</em></span> <span class='ocrx_word' id='word_1_51' title='bbox 1081 908 1177 980; x_wconf 81' lang='grc' dir='ltr'><em>ὧν</em></span> <span class='ocrx_word' id='word_1_52' title='bbox 1222 911 1457 1002; x_wconf 78' lang='grc' dir='ltr'><em>ὅρκους</em></span> <span class='ocrx_word' id='word_1_53' title='bbox 1503 914 1922 1001; x_wconf 81' lang='grc' dir='ltr'><em>ὀμωμόκατε&lt;&lt;</em></span> <span class='ocrx_word' id='word_1_54' title='bbox 1980 928 2101 985; x_wconf 87' lang='lat' dir='ltr'><strong>ete.</strong></span> <span class='ocrx_word' id='word_1_55' title='bbox 2164 928 2228 981; x_wconf 88' lang='lat' dir='ltr'><strong>et</strong></span> <span class='ocrx_word' id='word_1_56' title='bbox 2276 920 2310 1003; x_wconf 58' lang='grc' dir='ltr'>ὅ</span> <span class='ocrx_word' id='word_1_57' title='bbox 2369 922 2476 985; x_wconf 89' lang='lat'><strong>18:</strong></span> <span class='ocrx_word' id='word_1_58' title='bbox 2557 919 2701 983; x_wconf 70' lang='grc' dir='ltr'><em>»καὶ</em></span> <span class='ocrx_word' id='word_1_59' title='bbox 2744 914 2942 983; x_wconf 75' lang='grc' dir='ltr'><em>ταῦθ’</em></span> 
     </span>
     <span class='ocr_line' id='line_1_9' title="bbox 348 1021 2940 1114; baseline 0 -23"><span class='ocrx_word' id='word_1_60' title='bbox 348 1021 677 1109; x_wconf 84' lang='grc' dir='ltr'><em>(ὁμόνοιαν</em></span> <span class='ocrx_word' id='word_1_61' title='bbox 719 1026 1021 1110; x_wconf 78' lang='grc' dir='ltr'><em>μέγιστον</em></span> <span class='ocrx_word' id='word_1_62' title='bbox 1067 1024 1327 1111; x_wconf 72' lang='grc' dir='ltr'><em>ἀγαθὸν</em></span> <span class='ocrx_word' id='word_1_63' title='bbox 1381 1024 1543 1093; x_wconf 81' lang='grc' dir='ltr'><em>εἶναι</em></span> <span class='ocrx_word' id='word_1_64' title='bbox 1607 1028 1821 1112; x_wconf 86' lang='grc' dir='ltr'><em>πόλει)</em></span> <span class='ocrx_word' id='word_1_65' title='bbox 1881 1025 2058 1113; x_wconf 74' lang='grc' dir='ltr'><em>ὑμεῖς</em></span> <span class='ocrx_word' id='word_1_66' title='bbox 2115 1026 2361 1114; x_wconf 80' lang='grc' dir='ltr'><em>ἔγνωτε</em></span> <span class='ocrx_word' id='word_1_67' title='bbox 2423 1030 2658 1093; x_wconf 87' lang='grc' dir='ltr'><em>νεωστὶ</em></span> <span class='ocrx_word' id='word_1_68' title='bbox 2717 1032 2940 1093; x_wconf 87' lang='grc' dir='ltr'><em>κατελ-</em></span> 
     </span>
     <span class='ocr_line' id='line_1_10' title="bbox 346 1132 2941 1225; baseline 0.002 -25"><span class='ocrx_word' id='word_1_69' title='bbox 346 1136 585 1211; x_wconf 83' lang='grc' dir='ltr'><em>θόντες</em></span> <span class='ocrx_word' id='word_1_70' title='bbox 614 1133 837 1217; x_wconf 80' lang='grc' dir='ltr'><em>ὀρθῶς</em></span> <span class='ocrx_word' id='word_1_71' title='bbox 864 1136 1355 1222; x_wconf 61' lang='grc' dir='ltr'><em>βουλευόμενοι(</em></span> <span class='ocrx_word' id='word_1_72' title='bbox 1410 1148 1551 1213; x_wconf 71' lang='lat' dir='ltr'><strong>etc„</strong></span> <span class='ocrx_word' id='word_1_73' title='bbox 1586 1149 1652 1202; x_wconf 89' lang='lat' dir='ltr'><strong>et</strong></span> <span class='ocrx_word' id='word_1_74' title='bbox 1684 1140 1720 1224; x_wconf 64' lang='grc' dir='ltr'><strong>ξ</strong></span> <span class='ocrx_word' id='word_1_75' title='bbox 1762 1132 1871 1220; x_wconf 74' lang='lat'>19&#39;:</span> <span class='ocrx_word' id='word_1_76' title='bbox 1929 1168 1954 1200; x_wconf 80' lang='lat'><strong>›</strong></span> <span class='ocrx_word' id='word_1_77' title='bbox 1963 1152 2383 1225; x_wconf 84' lang='grc' dir='ltr'><em>μνησικακεῖν</em></span> <span class='ocrx_word' id='word_1_78' title='bbox 2412 1140 2645 1204; x_wconf 88' lang='grc' dir='ltr'><em>νεωστὶ</em></span> <span class='ocrx_word' id='word_1_79' title='bbox 2677 1143 2941 1224; x_wconf 79' lang='grc' dir='ltr'><em>κατελη-</em></span> 
     </span>
     <span class='ocr_line' id='line_1_11' title="bbox 348 1246 2941 1333; baseline 0 -22"><span class='ocrx_word' id='word_1_80' title='bbox 348 1246 689 1312; x_wconf 63' lang='grc' dir='ltr'><em>λυθόσινεε.</em></span> <span class='ocrx_word' id='word_1_81' title='bbox 779 1248 837 1310; x_wconf 86' lang='grc' dir='ltr'><strong><em>Ε</em></strong></span> <span class='ocrx_word' id='word_1_82' title='bbox 903 1250 1139 1328; x_wconf 90' lang='lat' dir='ltr'><strong>quibus</strong></span> <span class='ocrx_word' id='word_1_83' title='bbox 1207 1249 1362 1311; x_wconf 89' lang='lat' dir='ltr'><strong>locis</strong></span> <span class='ocrx_word' id='word_1_84' title='bbox 1425 1251 1658 1313; x_wconf 90' lang='lat' dir='ltr'><strong>eodem</strong></span> <span class='ocrx_word' id='word_1_85' title='bbox 1723 1251 1923 1312; x_wconf 91' lang='lat' dir='ltr'><strong>modo</strong></span> <span class='ocrx_word' id='word_1_86' title='bbox 1985 1260 2182 1331; x_wconf 87' lang='lat' dir='ltr'><strong>atque</strong></span> <span class='ocrx_word' id='word_1_87' title='bbox 2246 1272 2283 1314; x_wconf 92' lang='lat' dir='ltr'><strong>e</strong></span> <span class='ocrx_word' id='word_1_88' title='bbox 2350 1250 2566 1313; x_wconf 90' lang='lat' dir='ltr'><strong>multis</strong></span> <span class='ocrx_word' id='word_1_89' title='bbox 2620 1249 2758 1312; x_wconf 90' lang='lat' dir='ltr'><strong>aliis</strong></span> <span class='ocrx_word' id='word_1_90' title='bbox 2820 1271 2941 1333; x_wconf 91' lang='lat' dir='ltr'><strong>pro</strong></span> 
     </span>
     <span class='ocr_line' id='line_1_12' title="bbox 348 1357 2938 1440; baseline 0.002 -20"><span class='ocrx_word' id='word_1_91' title='bbox 348 1369 524 1420; x_wconf 89' lang='lat' dir='ltr'><strong>certo</strong></span> <span class='ocrx_word' id='word_1_92' title='bbox 573 1357 790 1440; x_wconf 85' lang='lat' dir='ltr'><strong>colligi</strong></span> <span class='ocrx_word' id='word_1_93' title='bbox 840 1368 1064 1440; x_wconf 89' lang='lat' dir='ltr'><strong>potest</strong></span> <span class='ocrx_word' id='word_1_94' title='bbox 1107 1369 1260 1440; x_wconf 90' lang='lat' dir='ltr'><strong>post</strong></span> <span class='ocrx_word' id='word_1_95' title='bbox 1306 1360 1602 1423; x_wconf 88' lang='lat' dir='ltr'><strong>exsulum</strong></span> <span class='ocrx_word' id='word_1_96' title='bbox 1649 1361 1928 1423; x_wconf 88' lang='lat' dir='ltr'><strong>reditum</strong></span> <span class='ocrx_word' id='word_1_97' title='bbox 1975 1362 2358 1425; x_wconf 80' lang='lat' dir='ltr'><strong>amnestiam</strong></span> <span class='ocrx_word' id='word_1_98' title='bbox 2406 1361 2732 1423; x_wconf 87' lang='lat' dir='ltr'><strong>decretam</strong></span> <span class='ocrx_word' id='word_1_99' title='bbox 2778 1381 2938 1435; x_wconf 88' lang='lat' dir='ltr'><strong>esse,</strong></span> 
     </span>
     <span class='ocr_line' id='line_1_13' title="bbox 349 1468 2943 1553; baseline 0.001 -22"><span class='ocrx_word' id='word_1_100' title='bbox 349 1478 413 1531; x_wconf 92' lang='lat' dir='ltr'><strong>et</strong></span> <span class='ocrx_word' id='word_1_101' title='bbox 459 1468 730 1532; x_wconf 88' lang='lat' dir='ltr'><strong>fortasse</strong></span> <span class='ocrx_word' id='word_1_102' title='bbox 779 1488 898 1548; x_wconf 90' lang='lat' dir='ltr'><strong>pro</strong></span> <span class='ocrx_word' id='word_1_103' title='bbox 945 1469 1270 1532; x_wconf 86' lang='lat' dir='ltr'><strong>verisimili</strong></span> <span class='ocrx_word' id='word_1_104' title='bbox 1319 1491 1447 1533; x_wconf 91' lang='lat' dir='ltr'><strong>non</strong></span> <span class='ocrx_word' id='word_1_105' title='bbox 1504 1471 1778 1534; x_wconf 90' lang='lat' dir='ltr'><strong>multum</strong></span> <span class='ocrx_word' id='word_1_106' title='bbox 1813 1472 2131 1553; x_wconf 85' lang='lat' dir='ltr'><strong>temporis·</strong></span> <span class='ocrx_word' id='word_1_107' title='bbox 2174 1472 2338 1534; x_wconf 89' lang='lat' dir='ltr'><strong>inter</strong></span> <span class='ocrx_word' id='word_1_108' title='bbox 2382 1469 2547 1534; x_wconf 86' lang='lat' dir='ltr'><strong>haec</strong></span> <span class='ocrx_word' id='word_1_109' title='bbox 2593 1471 2726 1534; x_wconf 91' lang='lat' dir='ltr'><strong>duo</strong></span> <span class='ocrx_word' id='word_1_110' title='bbox 2775 1470 2943 1534; x_wconf 89' lang='lat' dir='ltr'><strong>facta</strong></span> 
     </span>
     <span class='ocr_line' id='line_1_14' title="bbox 348 1580 2942 1653; baseline 0.001 -12"><span class='ocrx_word' id='word_1_111' title='bbox 348 1580 782 1641; x_wconf 88' lang='lat' dir='ltr'><strong>intermissum</strong></span> <span class='ocrx_word' id='word_1_112' title='bbox 826 1601 987 1653; x_wconf 89' lang='lat' dir='ltr'><strong>esse,</strong></span> <span class='ocrx_word' id='word_1_113' title='bbox 1049 1581 1165 1642; x_wconf 91' lang='lat' dir='ltr'><strong>sed</strong></span> <span class='ocrx_word' id='word_1_114' title='bbox 1231 1601 1314 1643; x_wconf 91' lang='lat' dir='ltr'><strong>ex</strong></span> <span class='ocrx_word' id='word_1_115' title='bbox 1374 1581 1579 1643; x_wconf 88' lang='lat' dir='ltr'><strong>reditu</strong></span> <span class='ocrx_word' id='word_1_116' title='bbox 1629 1581 2066 1644; x_wconf 88' lang='lat' dir='ltr'><strong>Athenienses</strong></span> <span class='ocrx_word' id='word_1_117' title='bbox 2131 1583 2516 1645; x_wconf 85' lang='lat' dir='ltr'><strong>amnestiam</strong></span> <span class='ocrx_word' id='word_1_118' title='bbox 2581 1581 2942 1644; x_wconf 88' lang='lat' dir='ltr'><strong>decrevisse</strong></span> 
     </span>
     <span class='ocr_line' id='line_1_15' title="bbox 349 1687 2938 1772; baseline 0.002 -22"><span class='ocrx_word' id='word_1_119' title='bbox 349 1710 430 1750; x_wconf 89' lang='lat' dir='ltr'><strong>ne</strong></span> <span class='ocrx_word' id='word_1_120' title='bbox 473 1687 537 1751; x_wconf 84' lang='lat' dir='ltr'><strong>lii</strong></span> <span class='ocrx_word' id='word_1_121' title='bbox 586 1689 1012 1769; x_wconf 72' lang='lat' dir='ltr'><strong>quidem‘loci</strong></span> <span class='ocrx_word' id='word_1_122' title='bbox 1058 1693 1425 1765; x_wconf 89' lang='lat' dir='ltr'><strong>ostendunt,</strong></span> <span class='ocrx_word' id='word_1_123' title='bbox 1490 1691 1691 1755; x_wconf 88' lang='lat' dir='ltr'><strong>immo</strong></span> <span class='ocrx_word' id='word_1_124' title='bbox 1751 1712 1884 1754; x_wconf 87' lang='lat' dir='ltr'><strong>vox</strong></span> <span class='ocrx_word' id='word_1_125' title='bbox 1939 1693 2176 1756; x_wconf 85' lang='grc' dir='ltr'><em>νεωστί</em></span> <span class='ocrx_word' id='word_1_126' title='bbox 2222 1692 2322 1754; x_wconf 91' lang='lat' dir='ltr'><strong>bis</strong></span> <span class='ocrx_word' id='word_1_127' title='bbox 2381 1693 2466 1754; x_wconf 90' lang='lat' dir='ltr'><strong>ad</strong></span> <span class='ocrx_word' id='word_1_128' title='bbox 2512 1692 2938 1772; x_wconf 82' lang='lat' dir='ltr'><strong>,participium</strong></span> 
     </span>
     <span class='ocr_line' id='line_1_16' title="bbox 349 1801 2942 1886; baseline 0.001 -25"><span class='ocrx_word' id='word_1_129' title='bbox 349 1801 679 1884; x_wconf 89' lang='lat' dir='ltr'><strong>apposita,</strong></span> <span class='ocrx_word' id='word_1_130' title='bbox 749 1821 913 1883; x_wconf 88' lang='lat' dir='ltr'><strong>quae</strong></span> <span class='ocrx_word' id='word_1_131' title='bbox 962 1801 1281 1864; x_wconf 88' lang='lat' dir='ltr'><strong>interdum</strong></span> <span class='ocrx_word' id='word_1_132' title='bbox 1329 1802 1522 1864; x_wconf 88' lang='lat' dir='ltr'><strong>etiam</strong></span> <span class='ocrx_word' id='word_1_133' title='bbox 1569 1802 1838 1884; x_wconf 90' lang='lat' dir='ltr'><strong>longum</strong></span> <span class='ocrx_word' id='word_1_134' title='bbox 1885 1813 2145 1886; x_wconf 90' lang='lat' dir='ltr'><strong>tempus</strong></span> <span class='ocrx_word' id='word_1_135' title='bbox 2185 1802 2442 1876; x_wconf 88' lang='lat' dir='ltr'><strong>indicat,</strong></span> <span class='ocrx_word' id='word_1_136' title='bbox 2493 1811 2669 1865; x_wconf 87' lang='lat' dir='ltr'><strong>certe</strong></span> <span class='ocrx_word' id='word_1_137' title='bbox 2715 1801 2942 1864; x_wconf 88' lang='lat' dir='ltr'><strong>melius</strong></span> 
     </span>
     <span class='ocr_line' id='line_1_17' title="bbox 349 1911 2943 1997; baseline 0.001 -25"><span class='ocrx_word' id='word_1_138' title='bbox 349 1911 429 1973; x_wconf 87' lang='lat' dir='ltr'><strong>de</strong></span> <span class='ocrx_word' id='word_1_139' title='bbox 477 1932 607 1974; x_wconf 88' lang='lat' dir='ltr'><strong>uno</strong></span> <span class='ocrx_word' id='word_1_140' title='bbox 652 1911 753 1974; x_wconf 89' lang='lat' dir='ltr'><strong>vel</strong></span> <span class='ocrx_word' id='word_1_141' title='bbox 799 1911 1058 1974; x_wconf 89' lang='lat' dir='ltr'><strong>duobus</strong></span> <span class='ocrx_word' id='word_1_142' title='bbox 1106 1913 1434 1976; x_wconf 89' lang='lat' dir='ltr'><strong>mensibus</strong></span> <span class='ocrx_word' id='word_1_143' title='bbox 1482 1913 1873 1993; x_wconf 87' lang='lat' dir='ltr'><strong>intellegitur</strong></span> <span class='ocrx_word' id='word_1_144' title='bbox 1930 1932 2126 1997; x_wconf 89' lang='lat' dir='ltr'><strong>quam</strong></span> <span class='ocrx_word' id='word_1_145' title='bbox 2189 1912 2271 1976; x_wconf 89' lang='lat' dir='ltr'><strong>de</strong></span> <span class='ocrx_word' id='word_1_146' title='bbox 2318 1913 2540 1994; x_wconf 87' lang='lat' dir='ltr'><strong>paucis</strong></span> <span class='ocrx_word' id='word_1_147' title='bbox 2599 1911 2791 1987; x_wconf 75' lang='lat' dir='ltr'><strong>horiS,</strong></span> <span class='ocrx_word' id='word_1_148' title='bbox 2843 1923 2943 1976; x_wconf 90' lang='lat' dir='ltr'><strong>est</strong></span> 
     </span>
     <span class='ocr_line' id='line_1_18' title="bbox 346 2022 2959 2106; baseline 0.001 -23"><span class='ocrx_word' id='word_1_149' title='bbox 346 2031 564 2084; x_wconf 89' lang='lat' dir='ltr'><strong>autem</strong></span> <span class='ocrx_word' id='word_1_150' title='bbox 610 2022 846 2093; x_wconf 85' lang='lat' dir='ltr'><strong>addita,</strong></span> <span class='ocrx_word' id='word_1_151' title='bbox 895 2022 1047 2105; x_wconf 90' lang='lat' dir='ltr'><strong>quia</strong></span> <span class='ocrx_word' id='word_1_152' title='bbox 1096 2031 1316 2085; x_wconf 89' lang='lat' dir='ltr'><strong>orator</strong></span> <span class='ocrx_word' id='word_1_153' title='bbox 1356 2023 1537 2086; x_wconf 88' lang='lat' dir='ltr'><strong>brevi</strong></span> <span class='ocrx_word' id='word_1_154' title='bbox 1583 2024 1866 2106; x_wconf 84' lang='lat' dir='ltr'><strong>tempori</strong></span> <span class='ocrx_word' id='word_1_155' title='bbox 1912 2024 2076 2085; x_wconf 87' lang='lat' dir='ltr'><strong>inter</strong></span> <span class='ocrx_word' id='word_1_156' title='bbox 2121 2023 2396 2086; x_wconf 88' lang='lat' dir='ltr'><strong>reditum</strong></span> <span class='ocrx_word' id='word_1_157' title='bbox 2443 2031 2509 2085; x_wconf 87' lang='lat' dir='ltr'><strong>et</strong></span> <span class='ocrx_word' id='word_1_158' title='bbox 2553 2023 2959 2086; x_wconf 77' lang='lat' dir='ltr'><strong>amnestiam</strong></span> 
     </span>
     <span class='ocr_line' id='line_1_19' title="bbox 350 2124 2936 2217; baseline 0.001 -23"><span class='ocrx_word' id='word_1_159' title='bbox 350 2133 683 2195; x_wconf 85' lang='lat' dir='ltr'><strong>interiecto</strong></span> <span class='ocrx_word' id='word_1_160' title='bbox 731 2154 849 2195; x_wconf 91' lang='lat' dir='ltr'><strong>sex</strong></span> <span class='ocrx_word' id='word_1_161' title='bbox 895 2142 1231 2217; x_wconf 81' lang='lat' dir='ltr'><strong>septemve</strong></span> <span class='ocrx_word' id='word_1_162' title='bbox 1276 2124 1485 2195; x_wconf 54' lang='lat' dir='ltr'><strong>‘annos</strong></span> <span class='ocrx_word' id='word_1_163' title='bbox 1532 2153 1869 2216; x_wconf 86' lang='lat' dir='ltr'><strong>opponere</strong></span> <span class='ocrx_word' id='word_1_164' title='bbox 1913 2133 2067 2205; x_wconf 89' lang='lat' dir='ltr'><strong>vult,</strong></span> <span class='ocrx_word' id='word_1_165' title='bbox 2121 2134 2405 2217; x_wconf 89' lang='lat' dir='ltr'><strong>quitum</strong></span> <span class='ocrx_word' id='word_1_166' title='bbox 2438 2134 2936 2215; x_wconf 86' lang='lat' dir='ltr'><strong>praeterierunt:</strong></span> 
     </span>
     <span class='ocr_line' id='line_1_20' title="bbox 345 2240 2942 2329; baseline 0.002 -23"><span class='ocrx_word' id='word_1_167' title='bbox 345 2246 385 2324; x_wconf 63' lang='grc' dir='ltr'>ξ</span> <span class='ocrx_word' id='word_1_168' title='bbox 442 2261 546 2323; x_wconf 87' lang='lat'><strong>19:</strong></span> <span class='ocrx_word' id='word_1_169' title='bbox 605 2245 889 2307; x_wconf 72' lang='grc' dir='ltr'><em>»πλείων</em></span> <span class='ocrx_word' id='word_1_170' title='bbox 935 2240 1280 2327; x_wconf 76' lang='grc' dir='ltr'><em>συγγνώμη</em></span> <span class='ocrx_word' id='word_1_171' title='bbox 1322 2255 1741 2327; x_wconf 80' lang='grc' dir='ltr'><em>μνησικακεῖν</em></span> <span class='ocrx_word' id='word_1_172' title='bbox 1782 2244 2018 2309; x_wconf 89' lang='grc' dir='ltr'><em>νεωστὶ</em></span> <span class='ocrx_word' id='word_1_173' title='bbox 2075 2241 2597 2327; x_wconf 74' lang='grc' dir='ltr'><em>κατεληλυθόσιν</em></span> <span class='ocrx_word' id='word_1_174' title='bbox 2667 2240 2764 2309; x_wconf 75' lang='grc' dir='ltr'><strong>ἔτι</strong></span> <span class='ocrx_word' id='word_1_175' title='bbox 2822 2247 2942 2329; x_wconf 86' lang='grc' dir='ltr'><strong>τῆς</strong></span> 
     </span>
     <span class='ocr_line' id='line_1_21' title="bbox 350 2345 2942 2440; baseline 0 -23"><span class='ocrx_word' id='word_1_176' title='bbox 350 2350 545 2438; x_wconf 86' lang='grc' dir='ltr'><em>ὀργῆς</em></span> <span class='ocrx_word' id='word_1_177' title='bbox 591 2346 784 2439; x_wconf 74' lang='grc' dir='ltr'><em>οὔσης</em></span> <span class='ocrx_word' id='word_1_178' title='bbox 830 2352 1223 2438; x_wconf 80' lang='grc' dir='ltr'><em>προσφάτου</em></span> <span class='ocrx_word' id='word_1_179' title='bbox 1268 2345 1310 2440; x_wconf 79' lang='grc' dir='ltr'><strong><em>ἦ</em></strong></span> <span class='ocrx_word' id='word_1_180' title='bbox 1354 2354 1652 2438; x_wconf 81' lang='grc' dir='ltr'><em>τοσούτῳ</em></span> <span class='ocrx_word' id='word_1_181' title='bbox 1691 2353 1914 2439; x_wconf 80' lang='grc' dir='ltr'><em>χρόνῳ</em></span> <span class='ocrx_word' id='word_1_182' title='bbox 1957 2347 2229 2438; x_wconf 75' lang='grc' dir='ltr'><em>ὕστερον</em></span> <span class='ocrx_word' id='word_1_183' title='bbox 2291 2351 2396 2419; x_wconf 77' lang='grc' dir='ltr'><strong>ἐπὶ</strong></span> <span class='ocrx_word' id='word_1_184' title='bbox 2440 2355 2760 2438; x_wconf 77' lang='grc' dir='ltr'><em>τιμωρίαν</em></span> <span class='ocrx_word' id='word_1_185' title='bbox 2804 2362 2942 2419; x_wconf 83' lang='grc' dir='ltr'><em>τῶν</em></span> 
     </span>
     <span class='ocr_line' id='line_1_22' title="bbox 348 2463 1393 2551; baseline -0.003 -22"><span class='ocrx_word' id='word_1_186' title='bbox 348 2464 916 2551; x_wconf 75' lang='grc' dir='ltr'><em>παρεληλυθότων</em></span> <span class='ocrx_word' id='word_1_187' title='bbox 961 2463 1330 2549; x_wconf 77' lang='grc' dir='ltr'><em>τραπέσθαι</em></span> <span class='ocrx_word' id='word_1_188' title='bbox 1342 2491 1366 2524; x_wconf 69' lang='grc' dir='ltr'><em>ι</em></span> <span class='ocrx_word' id='word_1_189' title='bbox 1381 2513 1393 2526; x_wconf 91' lang='grc'><strong>.</strong></span> 
     </span>
    </p>

    <p class='ocr_par' dir='ltr' id='par_1_5' title="bbox 337 2562 2940 2981">
     <span class='ocr_line' id='line_1_23' title="bbox 559 2562 2934 2660; baseline 0 -21"><span class='ocrx_word' id='word_1_190' title='bbox 559 2580 599 2657; x_wconf 63' lang='grc' dir='ltr'>ξ</span> <span class='ocrx_word' id='word_1_191' title='bbox 650 2593 748 2656; x_wconf 85' lang='lat'><strong>32.</strong></span> <span class='ocrx_word' id='word_1_192' title='bbox 843 2578 1121 2639; x_wconf 88' lang='lat' dir='ltr'><strong>Restant</strong></span> <span class='ocrx_word' id='word_1_193' title='bbox 1164 2562 1296 2638; x_wconf 65' lang='lat' dir='ltr'><strong>tr&#39;es</strong></span> <span class='ocrx_word' id='word_1_194' title='bbox 1339 2577 1666 2640; x_wconf 89' lang='lat' dir='ltr'><strong>orationes</strong></span> <span class='ocrx_word' id='word_1_195' title='bbox 1710 2577 1774 2639; x_wconf 87' lang='lat' dir='ltr'><strong>in</strong></span> <span class='ocrx_word' id='word_1_196' title='bbox 1821 2576 1992 2638; x_wconf 88' lang='lat' dir='ltr'><strong>vitae</strong></span> <span class='ocrx_word' id='word_1_197' title='bbox 2039 2567 2464 2650; x_wconf 75' lang='lat' dir='ltr'><strong>examinibuS,</strong></span> <span class='ocrx_word' id='word_1_198' title='bbox 2515 2575 2934 2660; x_wconf 78' lang='grc' dir='ltr'><em>δοκιμασίαις,</em></span> 
     </span>
     <span class='ocr_line' id='line_1_24' title="bbox 339 2683 2940 2772; baseline 0.001 -24"><span class='ocrx_word' id='word_1_199' title='bbox 339 2686 619 2761; x_wconf 88' lang='lat' dir='ltr'><strong>habitae,</strong></span> <span class='ocrx_word' id='word_1_200' title='bbox 673 2687 754 2749; x_wconf 91' lang='lat' dir='ltr'><strong>de</strong></span> <span class='ocrx_word' id='word_1_201' title='bbox 815 2687 1051 2772; x_wconf 89' lang='lat' dir='ltr'><strong>quibus</strong></span> <span class='ocrx_word' id='word_1_202' title='bbox 1099 2706 1179 2749; x_wconf 91' lang='lat' dir='ltr'><strong>eo</strong></span> <span class='ocrx_word' id='word_1_203' title='bbox 1246 2687 1499 2749; x_wconf 88' lang='lat' dir='ltr'><strong>brevior</strong></span> <span class='ocrx_word' id='word_1_204' title='bbox 1569 2707 1708 2750; x_wconf 89' lang='lat' dir='ltr'><strong>esse</strong></span> <span class='ocrx_word' id='word_1_205' title='bbox 1768 2705 2054 2769; x_wconf 86' lang='lat' dir='ltr'><strong>possum,</strong></span> <span class='ocrx_word' id='word_1_206' title='bbox 2121 2683 2287 2771; x_wconf 64' lang='lat' dir='ltr'><strong>quia‘</strong></span> <span class='ocrx_word' id='word_1_207' title='bbox 2329 2685 2550 2762; x_wconf 88' lang='lat' dir='ltr'><strong>multa,</strong></span> <span class='ocrx_word' id='word_1_208' title='bbox 2620 2689 2790 2771; x_wconf 67' lang='lat' dir='ltr'><strong>qjuae</strong></span> <span class='ocrx_word' id='word_1_209' title='bbox 2859 2688 2940 2750; x_wconf 88' lang='lat' dir='ltr'><strong>de</strong></span> 
     </span>
     <span class='ocr_line' id='line_1_25' title="bbox 337 2796 2940 2879; baseline 0 -20"><span class='ocrx_word' id='word_1_210' title='bbox 337 2798 572 2879; x_wconf 86' lang='lat' dir='ltr'><strong>Lysiae</strong></span> <span class='ocrx_word' id='word_1_211' title='bbox 620 2797 914 2860; x_wconf 87' lang='lat' dir='ltr'><strong>oratione</strong></span> <span class='ocrx_word' id='word_1_212' title='bbox 957 2797 1145 2859; x_wconf 90' lang='lat' dir='ltr'><strong>XXV</strong></span> <span class='ocrx_word' id='word_1_213' title='bbox 1191 2797 1343 2870; x_wconf 86' lang='lat' dir='ltr'><strong>dixi,</strong></span> <span class='ocrx_word' id='word_1_214' title='bbox 1393 2798 1592 2859; x_wconf 89' lang='lat' dir='ltr'><strong>etiam</strong></span> <span class='ocrx_word' id='word_1_215' title='bbox 1636 2798 1701 2860; x_wconf 93' lang='lat' dir='ltr'><strong>in</strong></span> <span class='ocrx_word' id='word_1_216' title='bbox 1749 2817 1856 2859; x_wconf 90' lang='lat' dir='ltr'><strong>eas</strong></span> <span class='ocrx_word' id='word_1_217' title='bbox 1904 2797 2160 2859; x_wconf 89' lang='lat' dir='ltr'><strong>cadunt.</strong></span> <span class='ocrx_word' id='word_1_218' title='bbox 2246 2796 2423 2861; x_wconf 87' lang='lat' dir='ltr'><strong>-Sunt</strong></span> <span class='ocrx_word' id='word_1_219' title='bbox 2452 2807 2670 2863; x_wconf 86' lang='lat' dir='ltr'><strong>autem</strong></span> <span class='ocrx_word' id='word_1_220' title='bbox 2702 2798 2940 2879; x_wconf 88' lang='lat' dir='ltr'><strong>Lysiae</strong></span> 
     </span>
     <span class='ocr_line' id='line_1_26' title="bbox 341 2907 1452 2981; baseline 0.004 -12"><span class='ocrx_word' id='word_1_221' title='bbox 341 2909 668 2971; x_wconf 90' lang='lat' dir='ltr'><strong>orationes</strong></span> <span class='ocrx_word' id='word_1_222' title='bbox 713 2908 946 2979; x_wconf 84' lang='lat' dir='ltr'><strong>XXXI.</strong></span> <span class='ocrx_word' id='word_1_223' title='bbox 995 2908 1169 2981; x_wconf 92' lang='lat' dir='ltr'>XVI,</span> <span class='ocrx_word' id='word_1_224' title='bbox 1217 2907 1452 2974; x_wconf 83' lang='lat' dir='ltr'><strong>XXVI.</strong></span> 
     </span>
    </p>

    <p class='ocr_par' dir='ltr' id='par_1_6' title="bbox 331 3016 2940 4537">
     <span class='ocr_line' id='line_1_27' title="bbox 548 3016 2934 3103; baseline 0 -22"><span class='ocrx_word' id='word_1_225' title='bbox 548 3018 861 3081; x_wconf 88' lang='lat' dir='ltr'><strong>Oratione</strong></span> <span class='ocrx_word' id='word_1_226' title='bbox 907 3019 1139 3091; x_wconf 88' lang='lat' dir='ltr'>XXXI,</span> <span class='ocrx_word' id='word_1_227' title='bbox 1192 3038 1355 3098; x_wconf 88' lang='lat' dir='ltr'><strong>quae</strong></span> <span class='ocrx_word' id='word_1_228' title='bbox 1411 3016 1619 3083; x_wconf 76' lang='grc' dir='ltr'><em>»κατὰ</em></span> <span class='ocrx_word' id='word_1_229' title='bbox 1660 3020 1960 3093; x_wconf 81' lang='grc' dir='ltr'><em>Φίλωνος</em></span> <span class='ocrx_word' id='word_1_230' title='bbox 2015 3018 2424 3102; x_wconf 66' lang='grc' dir='ltr'><em>δοκιμασίας(</em></span> <span class='ocrx_word' id='word_1_231' title='bbox 2479 3018 2788 3103; x_wconf 85' lang='lat' dir='ltr'><strong>inscripta</strong></span> <span class='ocrx_word' id='word_1_232' title='bbox 2818 3028 2934 3093; x_wconf 88' lang='lat' dir='ltr'><strong>est,</strong></span> 
     </span>
     <span class='ocr_line' id='line_1_28' title="bbox 334 3127 2938 3210; baseline 0 -20"><span class='ocrx_word' id='word_1_233' title='bbox 334 3128 515 3191; x_wconf 91' lang='lat' dir='ltr'><strong>Philo</strong></span> <span class='ocrx_word' id='word_1_234' title='bbox 578 3128 994 3191; x_wconf 84' lang='lat' dir='ltr'><strong>Atheniensis</strong></span> <span class='ocrx_word' id='word_1_235' title='bbox 1055 3138 1316 3191; x_wconf 86' lang='lat' dir='ltr'><strong>senator</strong></span> <span class='ocrx_word' id='word_1_236' title='bbox 1377 3139 1551 3192; x_wconf 83' lang='lat' dir='ltr'><strong>sorte</strong></span> <span class='ocrx_word' id='word_1_237' title='bbox 1616 3129 1991 3210; x_wconf 88' lang='lat' dir='ltr'><strong>designatus</strong></span> <span class='ocrx_word' id='word_1_238' title='bbox 2060 3130 2122 3191; x_wconf 91' lang='lat' dir='ltr'><strong>in</strong></span> <span class='ocrx_word' id='word_1_239' title='bbox 2185 3129 2506 3202; x_wconf 86' lang='lat' dir='ltr'><strong>examine,</strong></span> <span class='ocrx_word' id='word_1_240' title='bbox 2569 3130 2752 3210; x_wconf 86' lang='lat' dir='ltr'><strong>quasi</strong></span> <span class='ocrx_word' id='word_1_241' title='bbox 2811 3127 2938 3194; x_wconf 88' lang='lat' dir='ltr'><strong>hoc</strong></span> 
     </span>
     <span class='ocr_line' id='line_1_29' title="bbox 338 3239 2940 3322; baseline 0.001 -22"><span class='ocrx_word' id='word_1_242' title='bbox 338 3259 603 3301; x_wconf 88' lang='lat' dir='ltr'><strong>munere</strong></span> <span class='ocrx_word' id='word_1_243' title='bbox 674 3239 907 3319; x_wconf 84' lang='lat' dir='ltr'><strong>dignus</strong></span> <span class='ocrx_word' id='word_1_244' title='bbox 966 3260 1099 3302; x_wconf 88' lang='lat' dir='ltr'><strong>non</strong></span> <span class='ocrx_word' id='word_1_245' title='bbox 1160 3240 1261 3312; x_wconf 88' lang='lat' dir='ltr'><strong>sit,</strong></span> <span class='ocrx_word' id='word_1_246' title='bbox 1328 3248 1683 3302; x_wconf 88' lang='lat' dir='ltr'><strong>accusatur.</strong></span> <span class='ocrx_word' id='word_1_247' title='bbox 1794 3239 2114 3320; x_wconf 82' lang='lat' dir='ltr'><strong>Arguitur</strong></span> <span class='ocrx_word' id='word_1_248' title='bbox 2176 3249 2397 3302; x_wconf 89' lang='lat' dir='ltr'><strong>autem</strong></span> <span class='ocrx_word' id='word_1_249' title='bbox 2457 3259 2702 3314; x_wconf 89' lang='lat' dir='ltr'><strong>eorum,</strong></span> <span class='ocrx_word' id='word_1_250' title='bbox 2767 3259 2940 3322; x_wconf 89' lang='lat' dir='ltr'><strong>quae</strong></span> 
     </span>
     <span class='ocr_line' id='line_1_30' title="bbox 336 3348 2934 3433; baseline 0.002 -24"><span class='ocrx_word' id='word_1_251' title='bbox 336 3349 882 3429; x_wconf 83' lang='lat' dir='ltr'><strong>trigintavirorum</strong></span> <span class='ocrx_word' id='word_1_252' title='bbox 929 3358 1224 3433; x_wconf 89' lang='lat' dir='ltr'><strong>tempore</strong></span> <span class='ocrx_word' id='word_1_253' title='bbox 1272 3352 1702 3414; x_wconf 86' lang='lat' dir='ltr'><strong>commiserat.</strong></span> <span class='ocrx_word' id='word_1_254' title='bbox 1800 3350 1978 3413; x_wconf 87' lang='lat' dir='ltr'><strong>Urbe</strong></span> <span class='ocrx_word' id='word_1_255' title='bbox 2026 3350 2198 3412; x_wconf 88' lang='lat' dir='ltr'><strong>enim</strong></span> <span class='ocrx_word' id='word_1_256' title='bbox 2246 3349 2470 3413; x_wconf 86' lang='lat' dir='ltr'><strong>relicta</strong></span> <span class='ocrx_word' id='word_1_257' title='bbox 2516 3348 2818 3430; x_wconf 88' lang='lat' dir='ltr'><strong>Oropum</strong></span> <span class='ocrx_word' id='word_1_258' title='bbox 2863 3371 2934 3413; x_wconf 89' lang='lat' dir='ltr'><strong>se</strong></span> 
     </span>
     <span class='ocr_line' id='line_1_31' title="bbox 339 3459 2937 3544; baseline 0.001 -24"><span class='ocrx_word' id='word_1_259' title='bbox 339 3459 695 3522; x_wconf 88' lang='lat' dir='ltr'><strong>contulerat</strong></span> <span class='ocrx_word' id='word_1_260' title='bbox 741 3460 1079 3542; x_wconf 87' lang='lat' dir='ltr'><strong>neutrique</strong></span> <span class='ocrx_word' id='word_1_261' title='bbox 1140 3460 1415 3522; x_wconf 88' lang='lat' dir='ltr'><strong>civitatis</strong></span> <span class='ocrx_word' id='word_1_262' title='bbox 1480 3461 1646 3541; x_wconf 89' lang='lat' dir='ltr'><strong>parti</strong></span> <span class='ocrx_word' id='word_1_263' title='bbox 1707 3460 2102 3535; x_wconf 88' lang='lat' dir='ltr'><strong>interfuerat,</strong></span> <span class='ocrx_word' id='word_1_264' title='bbox 2167 3460 2345 3544; x_wconf 90' lang='lat' dir='ltr'><strong>quod</strong></span> <span class='ocrx_word' id='word_1_265' title='bbox 2404 3459 2761 3522; x_wconf 88' lang='lat' dir='ltr'><strong>maximum</strong></span> <span class='ocrx_word' id='word_1_266' title='bbox 2825 3481 2937 3542; x_wconf 91' lang='lat' dir='ltr'><strong>op-</strong></span> 
     </span>
     <span class='ocr_line' id='line_1_32' title="bbox 335 3569 2934 3654; baseline 0.001 -24"><span class='ocrx_word' id='word_1_267' title='bbox 335 3570 671 3651; x_wconf 89' lang='lat' dir='ltr'><strong>probrium</strong></span> <span class='ocrx_word' id='word_1_268' title='bbox 718 3570 891 3654; x_wconf 89' lang='lat' dir='ltr'><strong>apud</strong></span> <span class='ocrx_word' id='word_1_269' title='bbox 941 3569 1376 3634; x_wconf 90' lang='lat' dir='ltr'><strong>Athenienses</strong></span> <span class='ocrx_word' id='word_1_270' title='bbox 1423 3570 1617 3634; x_wconf 88' lang='lat' dir='ltr'><strong>fuisse</strong></span> <span class='ocrx_word' id='word_1_271' title='bbox 1680 3579 1911 3633; x_wconf 90' lang='lat' dir='ltr'><strong>notum</strong></span> <span class='ocrx_word' id='word_1_272' title='bbox 1970 3580 2086 3634; x_wconf 88' lang='lat' dir='ltr'><strong>est.</strong></span> <span class='ocrx_word' id='word_1_273' title='bbox 2186 3571 2524 3633; x_wconf 87' lang='lat' dir='ltr'><strong>Praeterea</strong></span> <span class='ocrx_word' id='word_1_274' title='bbox 2583 3589 2776 3651; x_wconf 87' lang='lat' dir='ltr'><strong>agros</strong></span> <span class='ocrx_word' id='word_1_275' title='bbox 2822 3590 2934 3653; x_wconf 89' lang='lat' dir='ltr'><strong>po·</strong></span> 
     </span>
     <span class='ocr_line' id='line_1_33' title="bbox 335 3679 2933 3762; baseline 0.001 -21"><span class='ocrx_word' id='word_1_276' title='bbox 335 3679 589 3762; x_wconf 87' lang='lat' dir='ltr'><strong>pulatus</strong></span> <span class='ocrx_word' id='word_1_277' title='bbox 636 3689 772 3743; x_wconf 90' lang='lat' dir='ltr'><strong>erat</strong></span> <span class='ocrx_word' id='word_1_278' title='bbox 818 3690 883 3743; x_wconf 88' lang='lat' dir='ltr'><strong>et</strong></span> <span class='ocrx_word' id='word_1_279' title='bbox 927 3680 1243 3760; x_wconf 84' lang='lat' dir='ltr'><strong>agricolas</strong></span> <span class='ocrx_word' id='word_1_280' title='bbox 1288 3690 1663 3747; x_wconf 88' lang='lat' dir='ltr'><strong>vexaverat.</strong></span> <span class='ocrx_word' id='word_1_281' title='bbox 1758 3680 2141 3745; x_wconf 89' lang='lat' dir='ltr'><strong>Amnestiae</strong></span> <span class='ocrx_word' id='word_1_282' title='bbox 2185 3691 2405 3744; x_wconf 85' lang='lat' dir='ltr'><strong>autem</strong></span> <span class='ocrx_word' id='word_1_283' title='bbox 2452 3688 2593 3743; x_wconf 88' lang='lat' dir='ltr'><strong>tota</strong></span> <span class='ocrx_word' id='word_1_284' title='bbox 2639 3681 2933 3745; x_wconf 89' lang='lat' dir='ltr'><strong>oratione</strong></span> 
     </span>
     <span class='ocr_line' id='line_1_34' title="bbox 336 3789 2933 3871; baseline 0 -21"><span class='ocrx_word' id='word_1_285' title='bbox 336 3791 578 3852; x_wconf 88' lang='lat' dir='ltr'><strong>mentio</strong></span> <span class='ocrx_word' id='word_1_286' title='bbox 628 3809 755 3853; x_wconf 89' lang='lat' dir='ltr'><strong>non</strong></span> <span class='ocrx_word' id='word_1_287' title='bbox 802 3789 891 3863; x_wconf 89' lang='lat' dir='ltr'><strong>fit,</strong></span> <span class='ocrx_word' id='word_1_288' title='bbox 940 3790 1194 3853; x_wconf 90' lang='lat' dir='ltr'><strong>videtur</strong></span> <span class='ocrx_word' id='word_1_289' title='bbox 1239 3792 1435 3871; x_wconf 87' lang='lat' dir='ltr'><strong>igitur</strong></span> <span class='ocrx_word' id='word_1_290' title='bbox 1481 3800 1820 3854; x_wconf 90' lang='lat' dir='ltr'><strong>accusator</strong></span> <span class='ocrx_word' id='word_1_291' title='bbox 1868 3811 1998 3853; x_wconf 91' lang='lat' dir='ltr'><strong>non</strong></span> <span class='ocrx_word' id='word_1_292' title='bbox 2029 3791 2398 3870; x_wconf 88' lang='lat' dir='ltr'><strong>speravisse</strong></span> <span class='ocrx_word' id='word_1_293' title='bbox 2446 3790 2583 3853; x_wconf 86' lang='lat' dir='ltr'><strong>fore</strong></span> <span class='ocrx_word' id='word_1_294' title='bbox 2631 3800 2701 3854; x_wconf 91' lang='lat' dir='ltr'><strong>ut</strong></span> <span class='ocrx_word' id='word_1_295' title='bbox 2743 3790 2933 3853; x_wconf 89' lang='lat' dir='ltr'><strong>Philo</strong></span> 
     </span>
     <span class='ocr_line' id='line_1_35' title="bbox 333 3899 2932 3982; baseline 0 -20"><span class='ocrx_word' id='word_1_296' title='bbox 333 3900 415 3962; x_wconf 90' lang='lat' dir='ltr'><strong>ad</strong></span> <span class='ocrx_word' id='word_1_297' title='bbox 462 3901 843 3962; x_wconf 88' lang='lat' dir='ltr'><strong>amnestiam</strong></span> <span class='ocrx_word' id='word_1_298' title='bbox 892 3900 1229 3981; x_wconf 87' lang='lat' dir='ltr'><strong>refugeret,</strong></span> <span class='ocrx_word' id='word_1_299' title='bbox 1280 3901 1459 3982; x_wconf 91' lang='lat' dir='ltr'><strong>quod</strong></span> <span class='ocrx_word' id='word_1_300' title='bbox 1503 3920 1659 3963; x_wconf 90' lang='lat' dir='ltr'><strong>num</strong></span> <span class='ocrx_word' id='word_1_301' title='bbox 1724 3900 1964 3975; x_wconf 89' lang='lat' dir='ltr'><strong>fecerit,</strong></span> <span class='ocrx_word' id='word_1_302' title='bbox 2027 3900 2367 3967; x_wconf 83' lang='lat' dir='ltr'><strong>nescimus.</strong></span> <span class='ocrx_word' id='word_1_303' title='bbox 2465 3899 2596 3962; x_wconf 80' lang='lat' dir='ltr'><strong>Sed</strong></span> <span class='ocrx_word' id='word_1_304' title='bbox 2662 3900 2932 3963; x_wconf 91' lang='lat' dir='ltr'><strong>dubium</strong></span> 
     </span>
     <span class='ocr_line' id='line_1_36' title="bbox 331 4008 2921 4096; baseline 0 -25"><span class='ocrx_word' id='word_1_305' title='bbox 331 4008 599 4096; x_wconf 86' lang='lat' dir='ltr'><strong>fortasse</strong></span> <span class='ocrx_word' id='word_1_306' title='bbox 647 4019 864 4092; x_wconf 87' lang='lat' dir='ltr'><strong>potest</strong></span> <span class='ocrx_word' id='word_1_307' title='bbox 906 4031 1068 4089; x_wconf 88' lang='lat' dir='ltr'><strong>esse,</strong></span> <span class='ocrx_word' id='word_1_308' title='bbox 1118 4031 1270 4074; x_wconf 91' lang='lat' dir='ltr'><strong>num</strong></span> <span class='ocrx_word' id='word_1_309' title='bbox 1315 4012 1375 4074; x_wconf 90' lang='lat' dir='ltr'><strong>ei</strong></span> <span class='ocrx_word' id='word_1_310' title='bbox 1406 4011 1533 4074; x_wconf 88' lang='lat' dir='ltr'><strong>hoc</strong></span> <span class='ocrx_word' id='word_1_311' title='bbox 1564 4012 1832 4078; x_wconf 90' lang='lat' dir='ltr'><strong>licuerit.</strong></span> <span class='ocrx_word' id='word_1_312' title='bbox 1926 4009 2120 4074; x_wconf 87' lang='lat' dir='ltr'><strong>Certe</strong></span> <span class='ocrx_word' id='word_1_313' title='bbox 2165 4029 2312 4073; x_wconf 87' lang='lat' dir='ltr'><strong>mea</strong></span> <span class='ocrx_word' id='word_1_314' title='bbox 2357 4011 2679 4074; x_wconf 86' lang='lat' dir='ltr'><strong>sententia</strong></span> <span class='ocrx_word' id='word_1_315' title='bbox 2727 4011 2815 4073; x_wconf 88' lang='lat' dir='ltr'><strong>ab</strong></span> <span class='ocrx_word' id='word_1_316' title='bbox 2862 4030 2921 4072; x_wconf 90' lang='lat' dir='ltr'><strong>a·</strong></span> 
     </span>
     <span class='ocr_line' id='line_1_37' title="bbox 334 4120 2928 4202; baseline 0 -18"><span class='ocrx_word' id='word_1_317' title='bbox 334 4123 647 4184; x_wconf 89' lang='lat' dir='ltr'><strong>mnestiae</strong></span> <span class='ocrx_word' id='word_1_318' title='bbox 694 4120 1011 4184; x_wconf 88' lang='lat' dir='ltr'><strong>beneficio</strong></span> <span class='ocrx_word' id='word_1_319' title='bbox 1046 4121 1345 4184; x_wconf 89' lang='lat' dir='ltr'><strong>exclusus</strong></span> <span class='ocrx_word' id='word_1_320' title='bbox 1388 4142 1532 4183; x_wconf 89' lang='lat' dir='ltr'><strong>esse</strong></span> <span class='ocrx_word' id='word_1_321' title='bbox 1575 4120 1700 4184; x_wconf 92' lang='lat' dir='ltr'><strong>dici</strong></span> <span class='ocrx_word' id='word_1_322' title='bbox 1750 4121 1983 4201; x_wconf 84' lang='lat' dir='ltr'><strong>potuit,</strong></span> <span class='ocrx_word' id='word_1_323' title='bbox 2032 4120 2186 4202; x_wconf 89' lang='lat' dir='ltr'><strong>quia</strong></span> <span class='ocrx_word' id='word_1_324' title='bbox 2218 4140 2347 4184; x_wconf 89' lang='lat' dir='ltr'><strong>non</strong></span> <span class='ocrx_word' id='word_1_325' title='bbox 2396 4122 2488 4184; x_wconf 89' lang='lat' dir='ltr'><strong>eis</strong></span> <span class='ocrx_word' id='word_1_326' title='bbox 2536 4121 2928 4185; x_wconf 88' lang='lat' dir='ltr'><strong>factionibus</strong></span> 
     </span>
     <span class='ocr_line' id='line_1_38' title="bbox 333 4228 2923 4317; baseline 0.001 -26"><span class='ocrx_word' id='word_1_327' title='bbox 333 4228 721 4306; x_wconf 88' lang='lat' dir='ltr'><strong>interfuerat,</strong></span> <span class='ocrx_word' id='word_1_328' title='bbox 771 4232 935 4295; x_wconf 90' lang='lat' dir='ltr'><strong>inter</strong></span> <span class='ocrx_word' id='word_1_329' title='bbox 982 4253 1143 4317; x_wconf 84' lang='lat' dir='ltr'><strong>quas</strong></span> <span class='ocrx_word' id='word_1_330' title='bbox 1190 4252 1320 4316; x_wconf 89' lang='lat' dir='ltr'><strong>pax</strong></span> <span class='ocrx_word' id='word_1_331' title='bbox 1367 4240 1432 4295; x_wconf 90' lang='lat' dir='ltr'><strong>et</strong></span> <span class='ocrx_word' id='word_1_332' title='bbox 1478 4231 1711 4294; x_wconf 89' lang='lat' dir='ltr'><strong>deinde</strong></span> <span class='ocrx_word' id='word_1_333' title='bbox 1759 4232 2075 4295; x_wconf 87' lang='lat' dir='ltr'><strong>amnestia</strong></span> <span class='ocrx_word' id='word_1_334' title='bbox 2137 4231 2535 4295; x_wconf 88' lang='lat' dir='ltr'><strong>constitutae</strong></span> <span class='ocrx_word' id='word_1_335' title='bbox 2592 4240 2788 4305; x_wconf 87' lang='lat' dir='ltr'><strong>erant,</strong></span> <span class='ocrx_word' id='word_1_336' title='bbox 2856 4240 2923 4293; x_wconf 91' lang='lat' dir='ltr'><strong>et</strong></span> 
     </span>
     <span class='ocr_line' id='line_1_39' title="bbox 334 4340 2923 4423; baseline 0.001 -22"><span class='ocrx_word' id='word_1_337' title='bbox 334 4341 488 4420; x_wconf 88' lang='lat' dir='ltr'><strong>quia</strong></span> <span class='ocrx_word' id='word_1_338' title='bbox 529 4361 738 4422; x_wconf 90' lang='lat' dir='ltr'><strong>neque</strong></span> <span class='ocrx_word' id='word_1_339' title='bbox 786 4352 855 4407; x_wconf 89' lang='lat' dir='ltr'><strong>ut</strong></span> <span class='ocrx_word' id='word_1_340' title='bbox 898 4344 1182 4407; x_wconf 87' lang='lat' dir='ltr'><strong>urbanus</strong></span> <span class='ocrx_word' id='word_1_341' title='bbox 1225 4343 1288 4404; x_wconf 92' lang='lat' dir='ltr'><strong>in</strong></span> <span class='ocrx_word' id='word_1_342' title='bbox 1336 4340 1590 4406; x_wconf 88' lang='lat' dir='ltr'><strong>exsules</strong></span> <span class='ocrx_word' id='word_1_343' title='bbox 1636 4362 1851 4423; x_wconf 86' lang='lat' dir='ltr'><strong>neque</strong></span> <span class='ocrx_word' id='word_1_344' title='bbox 1898 4350 1969 4405; x_wconf 91' lang='lat' dir='ltr'><strong>ut</strong></span> <span class='ocrx_word' id='word_1_345' title='bbox 2016 4341 2198 4405; x_wconf 88' lang='lat' dir='ltr'><strong>exsul</strong></span> <span class='ocrx_word' id='word_1_346' title='bbox 2246 4343 2311 4405; x_wconf 92' lang='lat' dir='ltr'><strong>in</strong></span> <span class='ocrx_word' id='word_1_347' title='bbox 2358 4341 2642 4406; x_wconf 90' lang='lat' dir='ltr'><strong>urbanos</strong></span> <span class='ocrx_word' id='word_1_348' title='bbox 2702 4359 2923 4421; x_wconf 89' lang='lat' dir='ltr'><strong>pecca-</strong></span> 
     </span>
     <span class='ocr_line' id='line_1_40' title="bbox 333 4439 2922 4537; baseline 0.001 -26"><span class='ocrx_word' id='word_1_349' title='bbox 333 4461 554 4525; x_wconf 90' lang='lat' dir='ltr'><strong>verat,-</strong></span> <span class='ocrx_word' id='word_1_350' title='bbox 591 4452 707 4513; x_wconf 90' lang='lat' dir='ltr'><strong>sed</strong></span> <span class='ocrx_word' id='word_1_351' title='bbox 789 4451 1069 4517; x_wconf 87' lang='lat' dir='ltr'><strong>facinora</strong></span> <span class='ocrx_word' id='word_1_352' title='bbox 1128 4453 1539 4517; x_wconf 87' lang='lat' dir='ltr'><strong>commiserat</strong></span> <span class='ocrx_word' id='word_1_353' title='bbox 1598 4453 1663 4516; x_wconf 91' lang='lat' dir='ltr'><strong>in</strong></span> <span class='ocrx_word' id='word_1_354' title='bbox 1724 4461 1932 4518; x_wconf 88' lang='lat' dir='ltr'><strong>totam</strong></span> <span class='ocrx_word' id='word_1_355' title='bbox 2000 4452 2344 4525; x_wconf 88' lang='lat' dir='ltr'><strong>civitatem,</strong></span> <span class='ocrx_word' id='word_1_356' title='bbox 2425 4449 2588 4537; x_wconf 81' lang='lat' dir='ltr'><strong>q‘uas</strong></span> <span class='ocrx_word' id='word_1_357' title='bbox 2653 4439 2922 4537; x_wconf 80' lang='lat' dir='ltr'><strong>propter</strong></span> 
     </span>
    </p>
   </div>
  </div>
 </body>
</html>
