3459 5050
1778 230 1864 294 92

514 427 898 490 amnestiam
948 431 1278 490 decretam
1317 416 1650 491 'oblivione
1696 428 2001 491 delendas
2057 426 2249 491 fuisse
2297 437 2495 509 neget
2541 427 2813 493 fortasse
2855 425 3104 506 aliquiS,

514 558 915 622 quamquam
960 558 1087 618 ego
1138 559 1269 602 non
1318 559 1558 620 negare
1606 538 1957 611 maluerim

727 649 963 730 Lysiae
996 650 1202 713 oratio
1234 651 1388 712 XVI
1429 649 1535 715 »ἐν
1565 652 1772 731 βουλῇ
1817 649 2183 734 Μαντιθέῳ
2227 649 2710 734 ὁοκιααζομένφ
2752 602 3104 731 ἀπολογία(

517 760 895 846 inscribitur,
953 782 1089 843 qua
1146 762 1380 823 eodem
1439 760 1568 827 sere
1629 760 1830 822 modo
1890 772 2086 844 atque
2147 762 2435 825 eiusdem
2502 761 2775 824 oratoris
2823 760 3113 823 oratione

516 871 700 934 XXV
753 871 906 933 civis
951 873 1234 954 quidam,
1285 873 1466 935 cuius
1513 891 1755 953 nomen
1801 873 2160 935 secundum
2207 871 2462 934 titulum
2507 870 2905 939 Mantitheus
2954 878 3107 942 erat,

517 1002 589 1046 se
636 982 924 1046 defendit
965 983 1049 1047 ab
1098 983 1237 1046 aliis
1273 984 1550 1057 civibus,
1603 984 1709 1065 qui
1760 1004 1908 1046 eum
1978 1003 2244 1046 munere
2301 982 2569 1063 dignum
2635 1002 2775 1044 esse
2838 999 3109 1060 negave-

431 1068 440 1081 ὁ
519 1103 679 1159 rant.
773 1095 846 1159 In
889 1094 1012 1156 hac
1047 1114 1308 1175 quoque
1341 1115 1535 1158 causa
1582 1094 1844 1168 c'rimen,
1895 1095 2073 1157 cuius
2107 1102 2515 1179 accusatores
2563 1113 2712 1156 eum
2745 1100 3108 1174 arguerant,

518 1204 760 1269 nullum
807 1205 941 1268 fere
988 1205 1161 1268 aliud
1210 1215 1368 1279 erat,
1422 1225 1617 1285 quam
1667 1205 1843 1286 quod
1890 1204 2436 1284 trigintavirorum
2483 1212 2781 1285 tempore
2827 1203 2890 1264 in
2957 1201 3114 1264 urbe

519 1315 859 1379 mansisset
904 1324 969 1378 et
1013 1336 1213 1398 eques
1261 1315 1502 1388 suisset,
1552 1318 1729 1396 quod
1779 1315 2135 1378 secundum
2178 1313 2344 1377 hanc
2390 1314 2834 1378 defensionem
2880 1333 2959 1375 ne
3005 1332 3112 1373 ve-

518 1445 662 1487 rum
706 1425 970 1508 quidem
1019 1434 1171 1488 erat.
1265 1425 1445 1488 Idem
1490 1427 1687 1507 igitur
1732 1426 1812 1488 de
1857 1425 1981 1489 hac
2025 1445 2218 1487 causa
2279 1424 2696 1489 statuendum
2738 1418 2872 1497 est,
2936 1422 3115 1505 quod

439 1594 443 1598 ,
521 1535 601 1597 de
648 1535 846 1598 altera
891 1557 1084 1599 causa
1131 1535 1427 1610 dixinmS,
1476 1537 1789 1599 adversus
1837 1537 2221 1599 amnestiam
2284 1537 2452 1598 hanc
2503 1535 2981 1599 accusationem
3027 1534 3114 1594 in-

518 1645 806 1709 stitutam
858 1667 1015 1720 esse,
1062 1646 1178 1709 sed
1227 1667 1358 1708 non
1403 1656 1502 1709 est
1530 1648 1873 1713 verisimile
1921 1647 2351 1711 Mantitheum
2395 1646 2901 1708 condemnatum
2948 1648 3113 1708 esse.

522 1756 667 1837 Ipse
713 1765 887 1818 certe
932 1757 1087 1819 dicit
1131 1777 1199 1819 se
1249 1777 1660 1841 nequaquam
1696 1769 2003 1830 metuere,
2052 1778 2132 1821 ne
2178 1758 2540 1824 damnetur.
2592 1775 2792 1838 quam
2837 1756 2926 1817 ob
2971 1773 3110 1816 rem

522 1865 605 1927 ad
655 1866 1039 1929 amnestiam
1084 1868 1352 1931 omnino
1401 1888 1531 1932 non
1580 1868 1820 1950 refugit
1867 1888 2077 1951 neque
2121 1869 2259 1931 eius
2305 1867 2702 1929 mentionem
2750 1864 2919 1927 facit.

735 1975 1046 2040 Omnium
1092 1979 1458 2041 orationum
1506 1986 1799 2039 extrema
1843 1976 2125 2040 breviter
2182 1978 2519 2040 tractanda
2565 1996 2734 2043 nunc
2782 1975 2970 2038 nobis
3016 1983 3113 2038 est

521 2086 754 2167 Lysiae
798 2087 1005 2149 oratio
1051 2087 1285 2162 XXVI,
1337 2108 1504 2170 quae
1558 2087 1743 2171 »περὶ
1789 2095 1912 2169 τῆς
1957 2084 2305 2173 Εὐάνδρου
2352 2087 2759 2171 ὁοκιμασίας<<
2812 2087 3110 2168 inscripta

523 2206 638 2271 est,
691 2217 887 2282 quam
933 2219 1104 2261 anno
1168 2202 1291 2278 382
1356 2197 1646 2260 habitam
1709 2218 1851 2260 esse
1917 2209 2189 2274 constat,
2242 2200 2278 2260 i.
2330 2220 2383 2261 ez
2438 2198 2578 2282 plus
2636 2197 2867 2278 viginti
2934 2196 3112 2258 annis

523 2316 676 2388 post
737 2308 1120 2371 amnestiam
1184 2309 1531 2381 decretam,
1583 2306 1661 2370 cf.
1709 2308 1890 2371 Blass
1936 2309 1973 2372 l.
2025 2309 2061 2374 l.
2111 2311 2138 2372 I
2181 2325 2303 2390 471
2353 2329 2501 2393 sqq.
2544 2309 2848 2371 Euander
2895 2301 3112 2391 ἄρχων

522 2415 863 2501 ἐπώνυμος
910 2418 1306 2500 designatu5‚
1358 2439 1504 2480 eum
1545 2419 2050 2493 examinaretur,
2102 2420 2186 2483 ab
2235 2441 2333 2494 e0,
2384 2420 2494 2502 qui
2541 2419 2709 2481 hanc
2752 2418 3111 2483 orationem

521 2508 772 2603 habuit,
830 2539 1172 2593 accusatus
1233 2538 1330 2592 est
1383 2530 1567 2614 quasi
1628 2550 1894 2592 munere
1954 2523 2259 2612 gerendo'
2307 2531 2628 2611 indignus,
2682 2529 2992 2611 imprimis
3037 2548 3111 2592 ea

525 2639 609 2701 de
655 2659 866 2713 causa,
920 2640 1070 2720 quia
1115 2641 1667 2722 trigintavirorum
1713 2651 2014 2722 tempore
2061 2662 2327 2704 munere
2385 2640 2642 2703 functus
2698 2660 2926 2703 eorum
2968 2640 3109 2703 saci·

525 2769 757 2812 norum
804 2751 1130 2832 particeps
1176 2745 1386 2813 factus
1432 2759 1621 2815 esset.
1716 2752 1943 2832 Itaque
1992 2752 2048 2813 ei
2098 2747 2359 2835 quoque
2407 2771 2504 2823 ea,
2561 2770 2729 2831 quae
2778 2749 3113 2813 anarchiae

523 2867 817 2942 tempore
875 2859 1049 2922 facta
1111 2860 1420 2922 oblivioni
1483 2861 1696 2924 danda
1757 2871 1955 2936 erant,
2026 2862 2385 2945 opprobrio
2449 2870 2802 2923 vertuntur.
2901 2859 3112 2941 Quam

524 2970 612 3031 ob
673 2989 808 3031 rem
869 2970 1030 3032 haec
1088 2991 1352 3055 quoque
1407 2971 1613 3035 oratio
1669 2971 1890 3035 habita
1948 2982 2046 3035 est
2107 2973 2415 3035 adversus
2458 2971 2864 3044 amnestiam,
2917 2989 3110 3055 quam

525 3088 748 3142 orator
794 3079 869 3163 ἐξ
913 3079 1165 3142 16—20
1208 3082 1486 3162 respicit,
1539 3102 1734 3161 quam
1782 3083 1844 3144 in
1894 3083 1928 3166 ξ
1971 3083 2046 3145 16
2083 3079 2521 3155 vocat-»roim
2567 3075 2804 3164 ὅρκους
2846 3080 2955 3144 καὶ
2996 3076 3114 3154 τὰς

536 3188 936 3273 συνθήκαςι,
988 3190 1072 3251 ad
1135 3210 1330 3270 quam
1386 3192 1768 3255 laedendam
1833 3193 2033 3255 modo
2092 3192 2521 3255 audacissimo
2581 3202 2646 3254 et
2706 3191 3115 3254 iniustissimo

524 3300 770 3361 iudices
814 3320 1229 3364 commovere
1291 3311 1577 3377 conatur,
1640 3323 1790 3365 cum
1855 3304 2026 3376 dicit,
2097 3302 2349 3364 etiamsi
2406 3301 2711 3366 Euander
2759 3302 3110 3373 damnetur,

526 3409 755 3472 ceteris
803 3411 1061 3473 urbanis
1095 3413 1519 3475 metuendum
1552 3433 1681 3475 non
1713 3434 1873 3488 esse,
1926 3434 2007 3476 ne
2038 3413 2352 3475 amnestia
2397 3412 2748 3494 priventur,
2800 3431 2950 3473 nam
2982 3431 3110 3473 non

526 3539 753 3582 omnes
805 3521 1087 3582 urbanos
1131 3523 1496 3603 puniendos
1541 3544 1699 3596 esse,
1751 3524 1866 3586 sed
1910 3523 2242 3586 hominem
2289 3522 2499 3584 solum
2543 3530 2679 3584 tam
2712 3522 3111 3594 sceleratum,

524 3629 782 3712 qualem
828 3629 1132 3693 Euander
1178 3652 1248 3694 se
1294 3630 1700 3713 praestiterit.
1776 3631 1972 3712 Quod
2022 3633 2102 3694 de
2152 3652 2544 3714 unoquoque
2591 3632 2859 3705 urbano,
2908 3632 3009 3694 cui
3054 3651 3112 3694 a·

527 3740 800 3801 mnestia
866 3760 1032 3820 opus
1088 3751 1255 3816 erat,
1318 3741 1442 3803 dici
1510 3742 1799 3824 potuisse
1860 3743 2267 3806 manifestum
2337 3753 2452 3805 est.
2548 3742 2696 3805 Hoc
2742 3743 2942 3805 modo
2988 3739 3115 3803 fere

525 3850 763 3911 nemini
812 3851 1128 3913 amnestia
1172 3851 1484 3914 servanda
1529 3860 1683 3913 erat.
1780 3851 1880 3913 Eo
1928 3874 2132 3936 usque
2177 3853 2556 3917 temeritatis
2613 3853 2805 3927 venit,
2854 3862 2924 3915 ut
2971 3852 3005 3936 ξ
3051 3868 3112 3930 9,

524 3958 605 4021 de
654 3981 782 4042 qua
826 3960 1253 4034 conferantur,
1304 3981 1471 4043 quae
1517 3980 1717 4040 supra
1746 3961 1803 4044 (ἕ
1838 3962 1944 4044 25)
1990 3964 2427 4045 exposuimuS,
2464 3963 2635 4027 dicat
2681 3984 2758 4025 ea
2806 3962 3116 4045 imprimis

523 4069 608 4131 de
654 4089 847 4132 causa
891 4071 1307 4150 magistratus
1353 4070 1727 4152 designatos
1761 4073 2133 4147 examinari,
2185 4094 2266 4136 ne
2311 4074 2676 4156 optimateS,
2727 4073 2966 4136 scilicet
3011 4072 3116 4135 illo

522 4187 820 4261 tempore
887 4180 980 4251 ei,
1059 4181 1167 4260 qui
1240 4190 1662 4262 tyrannorum
1732 4184 1888 4245 socii
1957 4182 2244 4258 fuerant,
2323 4204 2591 4246 munera
2661 4183 3115 4268 adipiscantur,

523 4289 759 4372 quibus
818 4290 1187 4371 procaciora
1253 4300 1479 4354 contra
1543 4292 1929 4362 amnestiam
1986 4293 2157 4357 dicta
2223 4314 2364 4357 esse
2410 4293 2522 4356 vix
2565 4303 2854 4376 possunt.
2945 4291 3119 4373 Quin

521 4389 715 4465 etiam
764 4399 825 4460 in
874 4399 910 4483 ξ
959 4416 993 4462 2
1042 4410 1258 4465 orator
1317 4402 1639 4485 vituperat
1696 4400 2163 4478 Athenienses,
2245 4403 2425 4487 quod
2492 4401 2848 4485 religiosius
2908 4422 3117 4466 amne·
