3459 5050
1782 311 1856 380 52

634 536 641 541 ·
734 517 987 580 Eadem
1035 526 1270 590 autem,
1321 537 1489 598 quae
1537 515 1792 579 de'hoc
1840 515 2251 578 iureiurando
2300 517 2600 593 diximuS,
2650 519 2925 583 dicenda
2971 530 3120 583 sunt

523 628 607 690 de
653 628 882 690 ceteris
930 629 1205 690 duobus,
1304 626 1581 689 Senatus
1630 627 2089 701 iusiurandum,
2143 637 2213 689 ut
2263 647 2299 689 e
2345 628 2553 691 forma
2591 625 2896 713 »ὄμνυσιι
2950 631 3121 694 colli-

521 739 588 819 gi
636 746 874 818 potest,
926 739 1185 818 saepius
1234 739 1650 820 repetebatur
1697 747 1762 800 et
1808 758 1889 800 eo
1939 738 2166 818 magiS,
2218 739 2271 800 si
2320 739 2515 801 rebus
2579 741 2748 802 veris
2812 743 3120 825 obloque-

520 849 730 923 batur,
781 858 891 910 aut
937 848 1294 911 tollendum
1343 858 1456 910 aut
1488 848 1876 910 mutandum
1923 858 2077 910 erat.
2174 849 2412 912 Verbis
2444 860 2667 912 autem
2724 851 2938 936 »πλὴν
2983 858 3121 915 τῶν

521 957 920 1042 φυγόντωνε
977 959 1300 1020 neminem
1349 958 1694 1039 significari
1742 958 1862 1020 nisi
1911 960 2354 1038 trigintaviros
2399 968 2468 1021 et
2515 962 2992 1023 undecimviros
3038 962 3139 1041 (et

523 1069 928 1132 decemviros
957 1069 1366 1149 Piraeenses),
1420 1089 1503 1130 ex
1550 1088 1629 1131 eo
1677 1067 1895 1148 colligi
1928 1078 2165 1149 potest5
2217 1071 2398 1152 quod
2446 1071 2672 1151 populi
2710 1072 3121 1134 iureiurando

526 1181 632 1242 alii
679 1182 765 1243 ab
809 1180 1164 1242 amnestiae
1213 1179 1530 1242 beneficio
1577 1199 1707 1241 non
1756 1179 2199 1242 excluduntur.

733 1286 989 1371 Quibus
1037 1291 1089 1352 si
1137 1299 1392 1352 constat
1437 1289 1599 1351 haec
1647 1291 2007 1351 iuramenta
2056 1291 2175 1351 nisi
2223 1290 2306 1353 ad
2354 1292 2736 1354 amnestiam
2798 1301 2951 1371 post
3013 1311 3114 1352 ex·

521 1402 924 1485 peditionem
971 1400 1364 1463 Eleusiniam
1433 1399 1759 1461 decretam
1832 1399 2045 1462 referri
2105 1421 2235 1462 non
2305 1421 2528 1481 posse,
2595 1402 2785 1464 simul
2849 1409 3117 1484 apparet

523 1521 697 1574 recte
744 1531 849 1577 me
896 1528 1089 1593 supra
1129 1511 1193 1592 (ἓ
1248 1516 1347 1596 17)
1395 1511 1477 1572 de
1523 1511 1941 1590 trigintaviris
2007 1512 2376 1586 coniecisse,
2443 1533 2593 1575 nam
2653 1515 2706 1587 si
2769 1514 2832 1575 in
2879 1511 3118 1593 .populi

523 1623 929 1685 iureiurando
993 1621 1375 1684 nominatim
1436 1621 1788 1683 afferuntur
1843 1631 1909 1683 et
1967 1630 2229 1684 senatus
2291 1624 2506 1685 verbis
2560 1622 2774 1706 »πλὴν
2819 1630 2957 1687 τῶν
3002 1644 3117 1702 φυ-

519 1731 819 1817 γόντων(
874 1734 1301 1805 continentur,
1353 1741 1527 1793 certe
1558 1740 1823 1814 oportet
1855 1731 2200 1794 nonnullos
2234 1752 2456 1795 eorum
2490 1734 2869 1814 superstites
2901 1732 3109 1795 fuisse.

733 1847 774 1923 ξ
824 1859 926 1907 20.
1023 1840 1144 1905 His
1199 1844 1282 1904 de
1341 1843 1783 1922 scriptoribus,
1845 1844 1954 1925 qui
2023 1845 2086 1905 in
2147 1854 2367 1906 nostra
2411 1846 2792 1925 quaestione
2855 1844 3115 1918 maximi

521 1954 835 2019 momenti
880 1962 1047 2027 sunt,
1097 1954 1413 2035 expositis
1458 1962 1703 2014 'restant
1750 1953 1872 2014 loci
1922 1954 2304 2035 complures,
2357 1956 2597 2036 quibus
2659 1956 2939 2017 breviter
2998 1953 3117 2015 hae

521 2084 621 2126 res
686 2074 1036 2137 narrantur,
1103 2083 1268 2144 quos
1332 2083 1558 2125 omnes
1621 2083 1703 2125 ex
1769 2084 1885 2125 sua
1947 2065 2266 2126 sententia
2322 2062 2599 2126 Grosser
2664 2065 3117 2146 interpretatus

521 2186 636 2249 est,
687 2192 964 2257 quorum
1011 2183 1230 2236 tamen
1276 2174 1642 2235 videbimus
1690 2173 1937 2235 nullum
1982 2193 2101 2253 pro
2152 2175 2286 2236 eius
2334 2176 2653 2237 sententia
2700 2174 2928 2248 facere,
2981 2175 3115 2261 plu·

523 2306 624 2348 res
671 2294 895 2368 aperte
945 2286 1002 2346 ei
1050 2284 1337 2366 obloqui.
1437 2285 1606 2345 Inter
1637 2303 1865 2345 omnes
1910 2293 2149 2357 autem,
2200 2283 2411 2346 facere
2445 2304 2573 2347 non
2623 2304 2911 2367 possum,
2964 2284 3115 2366 quin

525 2399 756 2459 iterum
805 2415 1124 2468 moneam,
1176 2414 1258 2456 ne
1305 2393 1597 2456 Grosseri
1647 2395 1910 2476 quidem
1958 2395 2280 2474 sagacitas
2314 2414 2512 2455 unum
2548 2396 2809 2468 invenit,
2860 2396 2973 2476 qui
3019 2395 3142 2456 bis·

521 2507 907 2571 amnestiam
955 2505 1435 2589 promulgatam
1479 2526 1618 2566 esse
1667 2505 1949 2567 indicare
1991 2505 2303 2580 videatur,
2352 2525 2563 2585 neque
2612 2505 2774 2569 ullus
2821 2514 2936 2580 est,
2989 2525 3116 2585 quo

521 2627 777 2680 constet
822 2617 1038 2680 statim
1085 2626 1236 2698 post
1283 2617 1578 2679 exsulum
1625 2615 1904 2678 reditum
1952 2615 2387 2678 Athenienses
2434 2636 2660 2680 omnes
2696 2616 2953 2678 iniurias
3008 2617 3115 2678 ob·

521 2728 761 2790 livione
807 2726 1114 2789 delendas
1161 2747 1303 2789 esse
1363 2728 1796 2800 constituisse,
1862 2737 2086 2787 contra
2149 2725 2517 2808 complures
2565 2735 2732 2799 sunt,
2807 2727 2915 2806 qui
2977 2726 3130 2788 luce·

519 2838 746 2900 clarius
794 2837 1140 2905 ostendant
1181 2838 1577 2918 aliquantum
1622 2837 1935 2918 temporis
1984 2837 2149 2899 inter
2196 2856 2425 2919 pacem
2491 2835 2725 2897 factam
2790 2845 2854 2897 et
2902 2856 3113 2899 amne·

519 2948 709 3010 stiam
752 2939 1547 3010 decretam'intermissum
1598 2967 1756 3021 esse,
1807 2946 1957 3021 du0,
1992 2949 2228 3027 quibus
2261 2968 2355 3019 ea,
2407 2963 2575 3026 quae
2609 2967 2644 3007 e
2675 2947 3115 3030 Xenophonte

530 3067 595 3119 et
639 3057 877 3120 Iustino
923 3057 1317 3138 collegimu5‚
1349 3058 1535 3132 ‚bene
1584 3056 1933 3132 firmentur,
1988 3058 2096 3137 qui
2139 3033 2264 3119 loci
2310 3057 2502 3139 primi
2552 3058 2741 3119 nobis
2793 3067 2979 3120 erunt
3029 3078 3114 3119 re-

521 3167 844 3241 censendi,
893 3178 1041 3229 sunt
1088 3176 1306 3229 autem
1354 3168 1669 3231 Isocrates
1715 3169 1837 3230 VII
1884 3170 1966 3247 67
2018 3178 2082 3230 et
2127 3167 2326 3229 Plato·
2357 3168 2611 3228 Menex.
2673 3184 2766 3245 14.

732 3277 1030 3358 Quorum
1091 3279 1404 3368 Isocrates
1451 3278 1485 3339 l.
1540 3277 1575 3339 l.
1628 3278 1784 3340 dicit
1829 3278 2061 3340 haece:
2135 3275 2231 3341 »οἱ
2277 3277 2344 3341 δὲ
2391 3280 2494 3359 (sc,
2547 3277 2822 3361 exsules)
2865 3300 3032 3361 κρατ
3052 3277 3113 3361 ἡ·

521 3404 750 3463 σαντες
810 3389 917 3451 καὶ
964 3383 1114 3471 μεθ’
1175 3382 1406 3452 ὅπλων
1452 3387 1794 3463 κατιόντες
1857 3389 2398 3472 (exspectandum
2460 3397 2559 3449 est
2617 3386 3111 3468 κατελθόντες),

519 3494 761 3573 αὐτοὺς
807 3497 963 3573 τοὺς
1006 3497 1439 3573 αἰτιωτάτους
1485 3506 1622 3562 τῶν
1681 3506 1908 3563 κακῶν
1965 3494 2329 3573 ἀνελόντες,
2378 3491 2557 3561 οὕτω
2601 3494 2686 3561 τὰ
2730 3495 2901 3580 πρὸς
2962 3495 3115 3571 τοὺς

493 3602 756 3683 ,ἄλλους
800 3612 1017 3683 καλῶς
1060 3610 1167 3673 καὶ
1221 3612 1507 3693 νομίμως
1553 3604 1899 3693 διῴκησαν,
1963 3603 2132 3673 ὥστε
2175 3608 2372 3693 μηδὲν
2428 3604 2705 3671 ἔλαττον
2750 3603 2922 3689 ἔχειν
2960 3604 3114 3681 τοὺς

519 3718 918 3799 ἐκβαλόντας
964 3727 1101 3783 τῶν
1141 3719 1683 3785 κατελθόντων«.
1759 3719 2086 3799 Expresse
2116 3717 2242 3782 hoc
2291 3719 2436 3779 loco
2483 3718 2604 3779 tria
2654 3716 2756 3778 illa
2803 3715 2973 3779 facta
3017 3736 3108 3810 se-

522 3839 884 3904 cernuntur,
938 3850 1106 3910 quae
1151 3832 1543 3893 secernenda
1602 3850 1743 3892 esse
1800 3851 1994 3912 supra
2040 3828 2643 3900 demonstravimuS,
2701 3825 2945 3888 reditus
3009 3846 3111 3888 ex-

524 3941 753 4016 sulum,
804 3941 1044 4004 bellum
1092 3941 1512 4014 Eleusinium‚
1577 3941 1911 4004 amnestia.
2007 3939 2225 4001 Etiam
2271 3938 2398 4001 hoc
2442 3938 2588 4000 loco
2636 3935 2934 3997 videmus
2982 3937 3114 3998 bel-

520 4050 654 4113 lum
699 4051 1098 4113 Eleusinium
1163 4050 1415 4113 finitum
1484 4050 1584 4111 vel
1645 4051 1863 4132 potius
1910 4049 2382 4111 Eleusiniorum
2447 4047 2643 4110 duces
2690 4046 3116 4129 interemptos

523 4182 681 4234 esse,
724 4162 1102 4243 priusquam
1151 4162 1468 4222 amnestia
1514 4161 1772 4221 decreta
1832 4159 2194 4242 respublica
2253 4160 2423 4221 bene
2482 4158 2698 4221 denuo
2762 4157 3109 4220 instituere·

522 4281 643 4333 tur.
739 4269 1009 4350 Optime
1079 4272 1274 4350 igitur
1341 4271 1445 4332 hic
1516 4271 1694 4332 locus
1763 4271 2168 4334 sententiam.
2224 4289 2435 4331 meam
2484 4270 2893 4350 comprobat,
2969 4291 3118 4333 cum

500 4375 837 4443 'Grossero
886 4382 1005 4463 ipsi
1052 4401 1116 4463 p.
1171 4394 1247 4460 35
1317 4383 1805 4444 concedendum
1870 4380 1952 4441 sit
2013 4400 2160 4442 cum
2226 4400 2343 4441 sua
2404 4381 2725 4442 sententia
2785 4401 2931 4444 eum
2998 4381 3117 4442 nisi

533 4511 734 4571 »ganz
783 4491 1125 4571 allgemein
1176 4489 1566 4570 ausgefasst‹
1621 4512 1750 4554 non
1797 4509 2172 4569 congruere,

2706 4622 2734 4671 3
