3459 5050
1850 327 1937 392 68

593 544 775 607 annis
822 554 974 627 post
1021 565 1167 607 cum
1216 542 1508 607 Phidone
1555 544 1788 605 iterum
1836 551 2174 605 accusatus
2223 562 2364 605 esse
2417 542 2693 616 videtur,
2745 563 2895 604 nam
2947 540 3017 613 is,
3081 540 3198 622 qui

592 654 830 736 Lysiae
876 655 1168 717 oratione
1211 655 1465 718 decima
1510 653 2026 716 Theomnestum
2073 662 2355 727 accusat,
2405 653 2718 734 gloriatur
2766 672 2926 725 sese,
2977 650 3193 713 simul-

591 774 790 845 atque
840 782 997 826 suae
1042 765 1288 827 tutelae
1333 763 1542 826 factus
1590 773 1781 838 esset,
1833 764 2275 845 trigintaviros
2322 765 2548 827 mortis
2592 764 2798 846 patris
2845 764 2941 825 sui
3000 782 3186 825 accu-

590 875 865 938 savisse:
902 874 1308 960 »ἒπεξῆλθον
1330 887 1467 950 τοῖς
1488 868 1885 959 τριάκοντα
1928 876 1992 959 (ξ
2021 876 2145 958 31),
2180 895 2350 956 quae
2381 875 2580 936 verba
2612 874 2696 935 de
2718 873 2874 935 solis
2897 871 3194 934 Phidone

591 992 655 1048 et
701 985 1136 1051 Eratosthene
1183 987 1467 1066 intellegi
1515 1005 1714 1066 posse
1771 994 1838 1047 et
1899 984 2331 1066 intellegenda
2391 1004 2532 1047 esse
2593 982 3077 1046 Rauchenstein
3126 982 3191 1043 in

596 1084 827 1163 5=Phil.‹
854 1096 915 1158 X
938 1117 1001 1178 p.
1036 1098 1169 1160 600
1199 1106 1373 1159 recte
1404 1095 1893 1169 demonstravit,
1942 1095 2058 1158 sed
2094 1096 2324 1157 iterum
2357 1095 2692 1156 absolutus
2733 1113 2876 1156 esse
2916 1092 3186 1155 videtur.

801 1209 842 1284 ξ
894 1221 995 1286 27.
1091 1207 1303 1270 Etiam
1351 1208 1549 1269 altera
1592 1207 1828 1287 Lysiae
1874 1207 2087 1268 oratio
2127 1205 2473 1269 tractanda
2522 1204 2709 1267 nobis
2769 1212 2900 1275 est,
2967 1214 3193 1284 quam-

588 1332 785 1398 quam
832 1317 1217 1379 amnestiam
1279 1338 1409 1379 non
1477 1317 1756 1404 respicit,
1806 1317 1958 1398 quia
2003 1325 2069 1379 et
2114 1335 2192 1378 ea
2240 1324 2466 1378 contra
2526 1324 2814 1377 nostram
2875 1312 3190 1375 rationem

591 1425 802 1489 facere
848 1426 1048 1488 videri
1079 1436 1317 1506 potest,
1369 1427 1604 1507 Lysiae
1653 1425 1802 1489 dico
1834 1420 2197 1489 oratione'm
2231 1426 2618 1488 tricesimam
2652 1433 2972 1506 quartam,
3023 1442 3191 1503 quae

586 1536 810 1599 habita
855 1547 956 1599 est
1002 1546 1226 1599 contra
1268 1536 1604 1600 Phormisii
1651 1539 2059 1618 rogationem
2106 1537 2233 1600 alio
2279 1537 2458 1600 fonte
2523 1536 2712 1598 nobis
2763 1555 2890 1596 non
2940 1543 3184 1606 notam,

587 1655 657 1708 ut
702 1647 1060 1710 dominatio
1106 1648 1198 1710 eis
1242 1648 1521 1721 daretur,
1592 1648 1701 1732 qui
1768 1667 1965 1728 agros
2027 1648 2455 1731 possiderent,
2502 1666 2633 1728 qua
2678 1655 2944 1728 accepta
3007 1643 3185 1729 quin-

586 1776 712 1838 que
744 1756 978 1818 civium
1011 1756 1184 1819 milia
1212 1758 1660 1830 dominatione
1690 1758 1921 1841 privati
1980 1767 2213 1820 essent.
2313 1758 2501 1820 Hanc
2546 1756 2720 1820 enim
2769 1755 3178 1836 rogationem

585 1865 875 1948 plerique
939 1867 1056 1928 viri
1121 1867 1296 1929 docti
1357 1868 1748 1931 arbitrantur
1806 1868 2027 1930 statim
2089 1877 2239 1951 post
2303 1868 2598 1953 exsulum
2662 1865 2941 1928 reditum
2991 1864 3186 1925 latam

588 1996 748 2048 esse,
813 1982 1165 2059 antequam
1228 1977 1473 2040 Eleusis
1531 1979 1942 2059 reciperetur.
2038 1978 2235 2058 Quod
2302 1979 2453 2061 quia
2501 1970 2855 2057 Dionysius
2903 1974 3184 2037 Halicar-

589 2086 913 2149 nassensis
969 2087 1089 2148 »de
1132 2087 1366 2167 Lysia«
1421 2109 1472 2150 c.
1512 2105 1615 2167 32,
1669 2087 1776 2149 ubi
1809 2086 1999 2149 huius
2028 2089 2338 2150 orationis
2386 2087 2826 2169 fragmentum
2856 2095 3182 2148 servatum

586 2201 704 2266 est,
754 2193 864 2266 εἰς,
912 2213 1082 2276 quae
1125 2195 1206 2257 de
1253 2208 1645 2275 argumento
1692 2198 2069 2281 praemittit,
2123 2199 2372 2265 verbis:
2427 2206 2586 2262 »τοῦ
2633 2194 2759 2281 γάρ
2792 2196 2996 2279 δήμου
3040 2218 3185 2259 κατ-

585 2301 907 2378 ελθόντος
973 2301 1045 2367 ἐκ
1102 2308 1423 2390 Πειραιῶς
1479 2309 1588 2372 καὶ
1648 2308 2108 2393 ψηφισαμένου
2183 2307 2617 2372 διαλύσασθαι
2677 2307 2845 2390 πρὸς
2899 2304 3058 2380 τοὺς
3115 2301 3187 2366 ἒν

584 2405 761 2478 ἄστει
805 2414 914 2478 καὶ
957 2415 1229 2499 μηδενὸς
1273 2423 1412 2480 τῶν
1455 2417 1824 2502 γενομένων
1863 2431 2348 2502 μνησικακεῑνι,
2399 2419 2482 2480 de
2529 2419 2769 2500 quibus
2812 2419 2946 2479 iam
2989 2425 3181 2479 antea

584 2526 649 2608 (ξ
685 2527 790 2607 21)
835 2526 1283 2591 disserendum
1312 2531 1504 2592 nobis
1546 2540 1702 2605 erat,
1753 2531 1950 2592 tradit
1989 2530 2374 2592 amnestiam
2423 2535 2575 2591 ante
2618 2528 2786 2590 hanc
2818 2529 3180 2591 orationem

583 2632 880 2698 habitam
927 2635 1256 2700 decretam
1304 2660 1465 2715 esse,
1514 2639 1677 2703 haec
1737 2661 1950 2713 causa,
1997 2642 2051 2703 si
2112 2649 2285 2703 recte
2348 2640 2465 2701 viri
2526 2639 2701 2701 docti
2749 2639 2832 2701 de
2879 2646 3177 2720 tempore

583 2745 885 2819 sentiunt,
933 2756 1192 2809 nostrae
1241 2750 1324 2809 de
1365 2751 1680 2812 amnestia
1726 2751 2085 2812 sententiae
2132 2749 2526 2830 obloquitur,
2589 2757 2786 2830 atque
2849 2757 3023 2810 certe
3066 2747 3177 2808 mi·

583 2854 854 2916 randum
902 2866 1001 2918 est
1047 2854 1453 2929 Grosserum,
1505 2861 1616 2939 qui
1664 2882 1727 2942 p.
1781 2877 1866 2940 34
1921 2879 2016 2940 sq.
2069 2860 2363 2941 Dionysii
2423 2859 2620 2921 verba
2667 2858 2894 2929 affert,
2935 2858 2998 2918 in
3047 2858 3179 2940 qui-

581 2964 705 3025 bus
750 2964 1048 3027 exsulum
1080 2967 1324 3030 reditus
1370 2979 1436 3031 et
1467 2970 1785 3032 amnestia
1830 2946 2005 3033 arcte
2037 2971 2526 3051 coniungantur,
2563 2969 2689 3030 hoc
2723 2976 3178 3048 argumentum

579 3072 770 3155 plane
819 3074 1179 3155 neglexisse
1225 3098 1437 3159 neque
1482 3080 1547 3143 in
1592 3101 1739 3143 ann.
1788 3081 1893 3166 ph.
1946 3091 2014 3143 et
2056 3103 2117 3164 p.
2167 3080 2249 3143 CI
2296 3103 2357 3164 p.
2414 3081 2780 3159 593—600,
2833 3079 2942 3140 ubi
2992 3077 3171 3162 pluri·

584 3184 705 3245 bus
738 3184 952 3246 verbis
983 3185 1065 3247 de
1098 3186 1219 3249 hac
1254 3189 1544 3253 oratione
1576 3190 1876 3273 loquitur,
1911 3190 2079 3254 hanc
2117 3191 2601 3253 conclusionem
2633 3189 2879 3255 fecisse.
2975 3187 3173 3268 Quod

581 3304 1039 3372 argumentum
1088 3318 1169 3359 ne
1214 3318 1381 3361 nunc
1412 3320 1600 3363 meae
1631 3302 2181 3382 argumentationi
2229 3315 2566 3384 opponere
2599 3300 2823 3384 possit,
2872 3299 3032 3361 haec
3064 3296 3174 3358 dif-

582 3401 830 3467 ficultas
862 3404 1145 3468 tollenda
1178 3407 1329 3469 mihi
1364 3420 1480 3484 est,
1533 3411 2135 3498 demonstrandum.
2157 3411 2349 3491 igitur
2380 3422 2478 3473 est
2526 3431 2736 3472 errare
2781 3419 2898 3472 aut
2930 3410 3175 3487 Djony-

582 3513 768 3587 sium,
816 3534 964 3575 cum
998 3525 1152 3595 post
1184 3520 1566 3582 amnestiam
1594 3521 2072 3603 promulgatam
2106 3520 2277 3584 hanc
2309 3521 2671 3583 orationem
2707 3519 3002 3582 habitam
3035 3537 3177 3580 esse

580 3623 770 3697 dicat,
820 3633 932 3687 aut
964 3626 1135 3688 viros
1182 3628 1413 3691 doctos
1444 3632 1850 3706 recentioreS,
1902 3654 2051 3695 cum
2099 3642 2249 3695 ante
2282 3632 2588 3694 Eleusina
2633 3640 2966 3709 receptam
2999 3628 3166 3690 hanc

582 3747 843 3795 causam
878 3745 1090 3798 actam
1128 3758 1268 3800 esse
1297 3750 1602 3803 statuant.
1700 3741 2120 3826 Quamquam
2155 3744 2235 3805 de
2267 3742 2388 3804 hac
2421 3741 2801 3823 quaestione
2835 3750 3011 3802 certe
3044 3756 3175 3799 non

582 3843 667 3905 ita
715 3844 988 3906 multum
1036 3866 1112 3908 ea
1157 3848 1389 3923 valent,
1437 3872 1610 3933 quae
1657 3853 2013 3932 Dionysius
2062 3853 2274 3915 obiter
2317 3853 2381 3914 in
2429 3852 2738 3913 orationis
2784 3856 3175 3929 argumento

581 3952 841 4036 profert,
910 3958 1059 4038 quia
1122 3980 1252 4021 non
1317 3960 1572 4024 difficile
1637 3961 1772 4023 fieri
1835 3963 2076 4044 potuit,
2143 3974 2212 4025 ut
2272 3982 2387 4045 per
2448 3981 2731 4024 errorem
2791 3959 3174 4022 amnestiam

579 4065 817 4128 arctius
864 4088 1013 4130 cum
1063 4071 1286 4137 reditus
1332 4073 1758 4152 coniungeret
1803 4091 2015 4154 neque
2062 4073 2143 4134 de
2203 4072 2374 4135 bello
2421 4072 2756 4134 Eleusinio
2820 4070 3174 4155 quidquam

579 4172 787 4247 sciret,
823 4175 1204 4259 praesertim*
1227 4181 1284 4241 si'
1313 4180 1539 4241 harum
1574 4201 1787 4243 rerum
1821 4192 2156 4244 auctorem
2203 4203 2333 4244 non
2366 4181 2659 4244 adhibuit
2688 4179 3166 4247 Philochorum.

582 4291 653 4345 ut
699 4283 881 4347 Blass
922 4286 958 4349 l.
1010 4287 1046 4352 l.
1100 4289 1127 4350 I
1171 4305 1297 4367 442
1349 4299 1552 4372 putat,
1603 4292 1703 4354 vel
1753 4293 1947 4354 alium
1980 4293 2381 4376 scriptorem,
2433 4292 2550 4354 sed
2597 4311 2695 4362 ea,
2748 4310 2914 4370 quae
2959 4290 3022 4349 in
3055 4288 3176 4349 hac

578 4395 872 4457 oratione
917 4406 982 4460 et
1027 4398 1152 4460 alia
1197 4397 1470 4464 fortasse
1514 4401 1596 4463 de
1641 4404 1870 4464 eadem
1918 4422 2114 4464 causa
2161 4402 2381 4465 habita
2445 4423 2577 4468 non
2641 4402 2902 4474 invenit,
2955 4420 2992 4460 e
3038 4419 3163 4460 me·

579 4505 785 4567 moria
829 4509 1147 4591 exposuit,
1197 4518 1412 4573 tamen
1448 4511 1634 4573 huius
1666 4513 1896 4574 erroris
1943 4532 2092 4574 eum
2125 4513 2307 4593 argui
2356 4532 2484 4574 non
2531 4519 2812 4590 oportet,
2861 4510 3015 4592 quia
3045 4527 3174 4570 non
