3459 5050
1578 265 1655 351 85

314 491 492 553 sania
541 500 803 553 auctore
851 487 1019 553 facta
1068 488 1324 571 incepta
1371 497 1525 562 erat,
1572 487 1903 567 aliquanto
1939 486 2253 566 temporis
2288 495 2516 569 postea
2549 469 2902 551 amnestiae

313 602 720 664 iureiurando
768 600 1019 663 firmata
1080 610 1145 663 et
1189 599 1273 662 ad
1320 619 1646 662 summum
1704 598 1885 680 quasi
1935 597 2130 660 finem
2179 599 2492 678 perducta
2535 607 2651 669 est.
2704 606 2896 678 qu'am

313 712 368 773 si
428 711 662 775 eodem
713 712 834 786 die,
907 731 1036 790 quo
1097 709 1438 783 redierunt,
1501 730 1597 783 ea,
1662 729 1828 789 quae
1878 708 2286 773 iureiurando
2351 709 2702 772 sancienda
2759 729 2901 771 esse

236 832 240 841 '
313 821 439 883 iam
486 830 896 894 convenerat,
958 828 1326 885 sanxerunt.
1419 819 1650 899 Neque
1711 828 1831 892 est,
1883 818 2061 899 quod
2125 819 2530 881 offendamus
2590 819 2655 880 in
2701 819 2903 883 verbo

322 924 929 1015 »ὡμολογημένοις<<,
964 951 1113 993 nam
1158 930 1473 993 amnestia
1504 930 1766 992 decreta
1811 950 1903 1003 ea,
1954 948 2121 1009 quae
2166 930 2334 995 ,inter
2379 928 2543 991 duas
2592 928 2904 993 factiones

313 1050 472 1103 ante.
496 1041 771 1104 reditum
820 1041 1078 1103 alterius
1108 1040 1307 1123 partis
1351 1049 1821 1112 convenerant„
1847 1040 1886 1104 i.
1920 1060 1974 1104 e.
2027 1039 2443 1102 concordiam
2476 1040 2640 1103 inter
2674 1059 2903 1102 omnes

312 1147 491 1210 cives
533 1148 919 1209 servandam
969 1168 1129 1222 esse,
1179 1151 1386 1232 magis
1431 1149 1684 1213 firmata
1732 1171 1874 1213 esse
1924 1170 2116 1212 nemo
2163 1149 2299 1223 erit,
2351 1149 2458 1230 qui
2507 1160 2721 1230 neget,

531 1258 642 1319 Ad
714 1257 877 1320 haec
925 1257 1201 1323 Grosser
1264 1261 1512 1323 addidit
1581 1281 1779 1327 unum
1844 1260 2059 1325 locum
2131 1280 2215 1322 ex
2272 1260 2561 1322 eiusdem
2607 1260 2905 1323 Isocratis

311 1368 602 1431 oratione
649 1368 805 1431 XVI
852 1370 1143 1451 petitum,
1203 1374 1242 1451 ξ
1285 1388 1407 1451 43:
1477 1373 1752 1457 »τολμᾷς
1806 1362 2047 1454 ἑτέροις
2102 1382 2520 1453 μνησικακεῖν
2598 1369 2708 1433 καὶ
2781 1365 2902 1432 οὐκ

309 1476 593 1560 αἰσχύνει
639 1476 760 1553 τὰς
822 1479 1159 1563 συνθήκας
1218 1482 1668 1563 παραβαίνων,
1717 1476 1798 1543 δι’
1848 1476 1927 1555 ἃς
1973 1476 2173 1555 αὐτὸς
2230 1479 2425 1554 οἰκεῖς
2469 1479 2593 1562 τὴν
2639 1478 2899 1545 πόλινι.

309 1588 539 1668 Neque
578 1589 738 1651 haec
785 1610 968 1652 meae
1014 1591 1378 1653 sententiae
1424 1590 1880 1674 obloquuntur,
1931 1609 2101 1661 nam,
2152 1591 2304 1674 quia
2363 1590 2775 1653 condiciones
2835 1610 2895 1652 a·

313 1699 625 1762 mnestiae
694 1700 1102 1763 iureiurando
1168 1711 1430 1763 sanctae
1502 1702 1683 1780 pacis
1752 1701 2168 1767 condiciones
2235 1700 2898 1783 comprehendebant,

311 1808 528 1870 Tisias
560 1819 828 1892 propter
859 1811 1198 1894 συνθήκας
1245 1813 1309 1873 in
1342 1811 1498 1874 urbe
1531 1811 1825 1874 habitare
1859 1812 1985 1874 dici
2014 1811 2250 1893 potuit,
2301 1811 2657 1876 rectissime
2686 1821 2902 1875 autem

314 1918 561 1992 dicitur,
631 1920 780 2001 quia
837 1921 997 1983 haec
1053 1930 1151 1983 est
1212 1923 1565 1988 sententia:
1628 1922 1748 1984 nisi
1796 1923 2110 1984 amnestia
2156 1922 2416 1983 decreta
2464 1920 2746 1983 facinora
2790 1930 2902 1985 tua

241 2065 247 2069 -
313 2029 623 2099 oblivioni
671 2031 827 2094 data
876 2041 1112 2104 essent,
1162 2032 1303 2114 ipse
1352 2053 1480 2094 non
1528 2041 1705 2095 tutus
1759 2033 1820 2094 in
1867 2032 2021 2095 urbe
2069 2030 2415 2095 habitares,

523 2140 775 2220 Quibus
838 2142 1296 2205 demonstratis
1357 2150 1596 2225 restat„
1638 2149 1708 2202 ut
1768 2160 2170 2220 quaeramuS‚
2233 2160 2387 2202 num
2434 2140 2559 2203 hac
2604 2161 2799 2202 causa
2842 2161 2902 2202 a·

307 2251 584 2315 mnestia
647 2252 821 2314 laesa
880 2253 981 2318 sit.
1076 2252 1433 2324 NescimuS,
1498 2251 1732 2335 quibus
1798 2240 2195 2331 argumentis
2260 2248 2690 2319 Callimachus
2734 2249 2902 2313 hanc

312 2362 765 2443 exceptionem
799 2362 1081 2425 refellere
1114 2371 1384 2425 conatus
1415 2362 1513 2434 sit,
1564 2361 1699 2435 sed,
1736 2360 2195 2442 quodcumque
2229 2361 2409 2433 dixit,
2446 2361 2715 2423 dubium
2759 2381 2900 2422 esse

310 2488 439 2530 non
470 2478 709 2552 potest,
760 2471 912 2550 quin
957 2471 1270 2536 adversus
1302 2472 1688 2535 amnestiam
1720 2491 1889 2547 eum,
1938 2472 2045 2553 qui
2094 2471 2259 2533 hanc
2290 2471 2648 2534 orationem
2679 2469 2896 2545 habet,

303 2582 724 2648 accusaverit.
818 2582 920 2644 Eo
965 2584 1135 2645 enim
1181 2592 1498 2666 tempore,
1563 2603 1694 2663 quo
1760 2583 2178 2664 trigintaviris
2224 2582 2517 2663 expulsis.
2556 2583 2900 2645 decemviri

277 2690 631 2766 ⁸civitatem
680 2693 1241 2768 administrabant,
1297 2693 1713 2768 Callimacho,
1762 2695 1870 2775 qui
1917 2702 2053 2754 tum
2116 2694 2178 2754 in
2241 2693 2404 2756 urbe
2464 2701 2620 2766 erat,
2670 2701 2902 2775 postea

296 2800 381 2862 ad
446 2801 699 2864 exsules
767 2804 830 2864 in
892 2803 1227 2867 Piraeeum
1289 2804 1472 2887 fugit,
1542 2805 1821 2893 pecunia
1882 2804 2192 2885 adempta
2256 2812 2321 2866 et
2376 2803 2701 2887 publicata
2740 2812 2896 2877 erat,

301 2913 480 2973 cuius
544 2915 691 2975 iacti
760 2914 932 2976 hunc
996 2915 1202 2979 civem
1263 2917 1496 3002 arguit.
1607 2914 1867 2978 Crimen
1932 2916 2127 2996 igitur
2190 2913 2536 2976 anarchiae
2600 2923 2899 2996 ternpore

301 3020 549 3084 factum
623 3033 888 3106 propter
955 3027 1340 3088 amnestiam
1410 3026 1740 3088 oblivione
1821 3025 2167 3087 delendum
2239 3034 2394 3098 erat,
2469 3024 2898 3089 Callimachus

302 3142 542 3206 autern,
593 3135 642 3195 si
695 3134 1105 3199 nihilominus
1152 3136 1635 3199 accusationem
1683 3136 2256 3211 instituit„contra
2296 3107 2682 3200 amiiestiam
2727 3134 2895 3198 fecit.

302 3241 438 3303 Sed
499 3263 652 3305 num
716 3256 1056 3308 accusatus
1121 3247 1205 3310 ad
1273 3248 1617 3330 pecuniam
1681 3246 2079 3308 reddendam
2145 3245 2491 3307 damnatus
2550 3246 2651 3318 sit,
2710 3246 2896 3307 valde

301 3352 572 3416 dubium
617 3365 734 3429 est,
786 3377 980 3437 quam
1028 3358 1115 3419 ob
1164 3378 1300 3422 rem
1347 3358 1578 3419 iterum
1640 3376 1770 3418 non
1829 3356 1979 3418 licet
2022 3355 2371 3419 diiudicare
2433 3374 2586 3417 num
2634 3376 2703 3418 re
2744 3376 2896 3418 vera

299 3461 425 3524 hac
481 3484 675 3529 causa
720 3468 1255 3531 amnestialaesa
1305 3470 1403 3531 sit.
1494 3468 1806 3530 Attamen
1851 3467 1975 3530 hac
2022 3467 2252 3530 eadem
2294 3468 2584 3530 oratione
2639 3486 2894 3550 compe-

301 3573 502 3635 rimus
550 3595 679 3638 non
714 3596 943 3639 omnes
988 3577 1269 3641 confisos
1313 3599 1455 3640 esse
1504 3599 1573 3640 se
1622 3577 1979 3641 facinorum
2028 3579 2134 3641 illo
2181 3587 2477 3660 tempore
2522 3577 2895 3639 commisso·

299 3703 441 3744 rum
468 3695 806 3750 accusatos
830 3687 1169 3751 liberatum
1195 3689 1268 3750 iri
1294 3697 1561 3770 propter
1589 3687 1977 3750 amnestiam
2002 3688 2351 3765 decretam,
2377 3707 2528 3750 nam
2551 3685 2892 3761 Patrocles

300 3793 414 3872 qui
446 3794 691 3875 primus
734 3797 1023 3860 eiusdem
1054 3799 1331 3860 criminis
1363 3818 1403 3859 a
1435 3796 1828 3861 Callimacho
1858 3808 2196 3862 accusatus
2229 3807 2382 3870 erat,
2435 3798 2663 3859 decem
2708 3798 2897 3860 minis

298 3902 468 3965 datis
501 3925 649 3967 eum
681 3918 1147 3983 commoverat,
1184 3920 1253 3971 ut
1278 3909 1690 3971 accusatione
1721 3910 2059 3972 desisteret
2093 3908 2198 3993 (cf.
2232 3911 2273 3990 ἓ
2311 3909 2397 3991 7),
2434 3917 2499 3970 et
2530 3908 2702 3969 idem
2732 3906 2893 3970 fece-

298 4020 404 4074 rat
445 4013 870 4094 Lysimachus
916 4017 1149 4082 deinde
1197 4029 1535 4082 accusatus
1581 4019 1875 4082 ducentis
1920 4019 2242 4082 drachmis
2287 4018 2471 4093 datis,
2523 4027 2588 4081 et
2621 4018 2894 4082 totidem

300 4122 644 4186 drachmas
667 4124 772 4187 hic
793 4147 938 4190 reus
965 4128 1103 4210 ipse
1122 4129 1411 4203 dederat,
1439 4149 1591 4191 cum
1608 4130 1890 4212 primum
1912 4150 1954 4192 a
1978 4129 2372 4193 Callimacho
2397 4127 2589 4190 huius
2608 4128 2895 4192 criminis

296 4243 696 4313 argueretur.
786 4236 957 4317 Quin
990 4239 1187 4301 etiam
1221 4240 1346 4302 iam
1377 4238 1643 4313 fuerant,
1694 4242 1801 4320 qui
1850 4240 2135 4304 dicerent
2182 4239 2540 4301 amnestiae
2573 4237 2895 4301 condicio·

302 4362 420 4404 nes
463 4342 784 4407 tollendas
832 4368 993 4421 esse,
1047 4352 1087 4429 ἓ
1137 4351 1251 4417 26:
1307 4363 1479 4424 »τοῖς
1521 4351 1640 4433 μὲν
1685 4349 2033 4435 εἰρηκόσιν,
2094 4343 2183 4425 ὡς
2224 4349 2350 4439 χρὴ
2392 4345 2514 4422 τὰς
2558 4348 2893 4432 συνθήκας
