3459 5050
1624 355 1699 420 23

346 557 855 641 Xenophontem
933 557 1151 619 vocari
1213 554 1372 634 »τὰς
1417 556 1585 643 πρὸς
1628 558 2180 640 Λακεδαιμονίους
2226 556 2579 635 ostendam,
2648 558 2809 622 haec
2865 559 2946 624 de

350 669 681 757 amnestia.
805 667 1054 729 Eadem
1122 667 1409 731 dicenda
1489 677 1640 730 sunt
1699 668 1783 730 de
1849 668 2053 731 altero
2099 666 2271 743 loco,
2319 668 2471 751 Lys.
2523 650 2614 732 VI
2662 673 2942 750 38-40,

347 798 478 862 quo
546 786 971 861 opponuntur
1045 774 1146 841 »αἱ
1210 776 1379 862 πρὸς
1439 778 1988 862 Λακεδαιμονίους
2053 781 2417 864 συνθῆκαι(
2490 790 2558 845 et
2601 799 2737 853 eae,
2789 798 2948 864 quas

354 886 559 971 »πρὸς
603 885 762 962 τοὺς
806 884 879 951 ἐν
921 879 1098 952 ἄστει
1156 885 1216 952 οἱ
1275 885 1349 952 ἐκ
1412 891 1769 972 Πειραιῶς(
1835 888 2139 951 fecerunt.
2233 888 2464 974 Neque
2526 908 2695 953 nunc
2757 884 2944 985 latet,

348 999 683 1083 quomodo
728 997 970 1061 factum
1016 1000 1115 1074 sit,
1163 1010 1235 1063 ut
1278 1001 1499 1085 Nepos
1542 1001 1757 1080 legem
1801 998 2146 1061 oblivionis
2190 997 2386 1060 latam
2431 1018 2575 1063 esse
2637 1010 2937 1062 narraret.

345 1108 516 1188 Quia
575 1107 1011 1171 Athenienses
1080 1111 1721 1187 constituerunt
1767 1109 1946 1192 pacis
2005 1108 2422 1172 condiciones
2456 1111 2816 1190 augendas
2885 1120 2949 1173 et

345 1219 563 1281 denuo
605 1218 1020 1283 iureiurando
1082 1221 1465 1283 sanciendas
1511 1240 1675 1295 esse,
1726 1229 1904 1282 recte
1959 1217 2190 1300 Lysias
2235 1218 2447 1281 XVIII
2504 1232 2575 1298 15
2626 1221 2817 1283 dicit:
2871 1213 2950 1283 »ἃ

344 1322 566 1409 αὕτοζς
628 1325 1207 1413 ἐψηφίσασθε(
1260 1339 1326 1393 et
1370 1329 1725 1410 Dionysius
1774 1349 1909 1410 arg.
1961 1329 2044 1391 ad
2090 1327 2243 1410 Lys.
2295 1349 2387 1391 or.
2424 1326 2735 1396 XXXIV:
2791 1333 2948 1394 »τοῦ

342 1434 547 1520 δήμου
594 1436 1187 1522 ψηφισαμένου
1233 1439 1680 1503 διαλύσασθαι
1724 1426 1897 1524 ’πρὸς
1941 1436 2098 1513 τοὺς
2141 1435 2213 1502 ἐν
2258 1429 2435 1503 ἄστει
2502 1439 2611 1503 καὶ
2677 1437 2948 1523 μηδενὸς

339 1557 480 1611 τῶν
510 1631 516 1636 j
548 1546 993 1632 γεγενημένων
1072 1561 1561 1633 μνησικακεῑνι,
1634 1549 2014 1613 scholiastes
2094 1549 2178 1610 ad
2254 1548 2448 1611 Arist.
2516 1538 2674 1614 Plut.
2744 1550 2942 1628 1146:

350 1672 442 1740 »ψ
461 1657 607 1741 ηφί
628 1673 725 1721 σα
744 1661 948 1721 σθαι
979 1653 1152 1740 ἔδοξε
1181 1655 1270 1744 μὴ
1298 1661 1832 1745 μνησικακῆσαιι.
1933 1657 2081 1720 Hoc
2109 1667 2329 1720 autem
2364 1658 2569 1721 verbo
2616 1659 2719 1721 alii
2749 1660 2944 1741 scrip-

343 1778 519 1830 tores
587 1769 715 1829 iam
778 1767 1018 1830 laudati
1084 1778 1149 1831 et
1194 1769 1253 1831 ei
1298 1788 1525 1832 omnes
1570 1769 1938 1851 scriptoreS,
1984 1768 2092 1851 qui
2145 1767 2357 1829 obiter
2393 1766 2583 1830 huius
2630 1770 2720 1831 rei
2768 1790 2938 1833 men·

340 1879 590 1941 tionem
664 1877 919 1952 faciant,
993 1878 1254 1942 adducti
1301 1888 1484 1953 sunt,
1561 1888 1630 1941 ut
1698 1879 2029 1951 docerent,
2104 1877 2547 1959 plebiscitum,
2615 1878 2942 1962 ψήφισμα,

344 1988 585 2051 sactum
629 2007 791 2063 esse,
843 1989 1039 2074 quod,
1103 1989 1157 2049 si
1219 1990 1594 2069 angustiore
1636 1988 1828 2051 huius
1878 1987 2061 2050 verbi
2104 2005 2296 2049 sensu
2344 1986 2765 2069 intellegitur,
2814 2009 2942 2061 non

347 2096 536 2179 plane
582 2107 758 2160 recte
806 2098 1056 2165 dicitur.
1151 2097 1238 2160 Et
1327 2098 1455 2161 hoc
1497 2098 1771 2161 verbum
1804 2099 1932 2160 iam
1976 2097 2255 2160 vidimus
2303 2097 2627 2175 Nepotem
2675 2101 2943 2177 vertisse

343 2204 569 2270 v'erbo.
604 2207 810 2270 ›lex‹.
1470 2280 1473 2283 ,
1608 2277 1613 2283 ,
2133 2282 2138 2285 ,
2917 2216 2920 2219 ’

554 2321 594 2397 ξ
647 2320 704 2379 8.
778 2318 1204 2380 Notissimum
1235 2316 1431 2379 hodie
1456 2328 1556 2381 est
1580 2318 1854 2380 verbum
1887 2317 2279 2379 ›amnestia‹
2312 2327 2506 2402 atque
2530 2336 2664 2380 vox
2691 2315 2940 2378 sollem-

342 2428 459 2501 niS‚
510 2447 661 2490 cum
709 2427 1158 2490 condemnatis
1202 2437 1312 2490 aut
1346 2427 1858 2493 condemnandis
1906 2426 2126 2490 multis
2172 2427 2432 2509 publice
2475 2427 2667 2489 venia
2713 2444 2937 2488 conce-

341 2539 513 2601 ditur
561 2558 919 2624 eorumque
950 2539 1182 2601 delicta
1207 2539 1517 2602 oblivioni
1567 2538 1821 2613 dantur,
1893 2539 1929 2600 i.
1963 2558 2015 2600 e.
2061 2558 2228 2612 cum,
2276 2548 2727 2621 praeterquam
2762 2538 2939 2619 quod

339 2649 537 2712 hodie
584 2657 684 2711 est
727 2648 1114 2738 beneficium
1164 2650 1468 2733 principis
1517 2660 1628 2713 aut
1673 2668 1920 2721 eorum,
1956 2648 2065 2733 qui
2100 2648 2239 2710 eius
2277 2647 2421 2711 loco
2470 2647 2937 2727 rempublicam

338 2756 815 2834 administrant,
863 2770 1000 2822 tum
1050 2759 1131 2822 ab
1180 2760 1500 2833 omnibu3‚
1567 2770 1634 2823 et
1693 2761 1804 2832 εἰς,
1874 2759 1981 2843 qui
2045 2758 2307 2820 iniurias
2368 2757 2543 2836 passi
2606 2765 2805 2830 erant,
2877 2765 2942 2817 et

340 2868 453 2949 qui
500 2870 982 2943 commiserant,
1031 2870 1361 2932 decretum
1410 2879 1526 2942 est,
1576 2871 1751 2932 idem
1791 2868 1881 2944 fit,
1934 2868 2115 2950 quod
2182 2867 2454 2931 Athenis
2484 2877 2642 2929 ,tum
2690 2866 2937 2940 factum

340 2987 461 3051 est,
515 2988 581 3040 et
628 2990 803 3042 recte
850 2981 942 3041 sic
1000 2979 1357 3053 adhibetur,
1421 2981 1650 3044 eadem
1709 2980 1882 3042 enim
1946 2978 2268 3041 sententia
2325 2978 2472 3040 voci
2540 2972 2936 3061 »ἀμνηστίαε

341 3069 478 3149 sive
532 3091 922 3153 ›amnestia‹
978 3091 1151 3173 apud
1197 3091 1498 3172 antiquos
1545 3091 1674 3152 iam
1730 3099 1846 3152 est.
1944 3087 2375 3172 Nihilominus
2435 3088 2736 3150 omnibus
2782 3086 2939 3149 locis

340 3197 551 3267 adhuc
597 3219 634 3261 a
684 3220 788 3262 me
832 3200 1038 3263 allatis
1103 3220 1231 3263 uno
1277 3210 1557 3282 excepto
1603 3199 1788 3262 hanc·
1815 3218 2048 3261 vocem
2119 3217 2274 3260 non.
2313 3197 2673 3259 invenimus
2733 3216 2943 3278 neque

343 3309 611 3372 omnino
674 3311 847 3391 apud
909 3311 1256 3392 scriptores
1312 3309 1597 3374 Graecos
1658 3310 1982 3382 classicOS,
2047 3309 2157 3390 qui
2217 3316 2552 3380 vocantur,
2627 3307 2944 3370 invenitur
3009 3381 3012 3384 ¹

338 3419 476 3481 sive
522 3420 605 3481 de
650 3419 775 3481 hoc
823 3418 992 3483 sacto
1040 3420 1175 3481 sive
1221 3420 1302 3482 de
1347 3421 1473 3482 alio
1520 3421 1705 3484 simili
1755 3427 2085 3502 usurpata.
2182 3417 2313 3503 Qui
2361 3434 2607 3492 omnes,
2671 3419 2723 3479 si
2770 3417 2936 3479 hanc

343 3549 480 3591 rem
522 3540 822 3593 accurate
870 3528 1097 3592 volunt
1141 3529 1519 3609 significare,
1569 3530 1883 3593 adhibent
1927 3529 2129 3591 verba
2184 3526 2306 3612 »μὴ
2348 3540 2841 3612 μνησικακεῑνσ,
2877 3538 2945 3590 ut

341 3639 714 3721 Xenophon
758 3640 794 3701 Ι.
821 3639 895 3706 l.:
953 3636 1344 3722 »ὀμόσαντες
1388 3635 1627 3726 ὅρκους
1672 3634 1713 3725 ἢ
1756 3639 1885 3723 μὴν
1931 3637 2020 3723 μὴ
2053 3636 2556 3722 μνησικακήσειν
2574 3662 2624 3711 ‹‚
2659 3638 2940 3701 Andoci-

345 3750 462 3812 des
493 3741 627 3810 1‘81
652 3772 667 3815 :
722 3749 868 3813 »καὶ
899 3746 1074 3832 ἔδοξε
1102 3749 1190 3834 μὴ
1217 3763 1639 3835 μνησικακεῖν
1671 3746 1981 3833 ἀλλήλοις
2024 3754 2163 3811 τῶν
2205 3746 2708 3831 γεγενημένωνι,
2760 3749 2931 3811 idem

344 3860 524 3938 190:
581 3849 871 3942 ἱῶμνυτε
897 3859 987 3944 μὴ
1013 3860 1581 3945 μνησικακήσεινι,
1631 3861 1873 3923 ibidem
1906 3861 1968 3921 in
2018 3859 2420 3925 iuramentis:
2477 3855 2590 3922 »οὐ
2633 3876 2933 3944 μνησικα·
3033 3920 3039 3926 .

308 3966 592 4051 “κὴσω«,
643 3969 1005 4033 Aeschines
1035 3970 1092 4033 11
1148 3972 1298 4052 176:
1357 3969 1473 4035 »τὸ
1515 3970 1603 4055 μὴ
1646 3981 2066 4056 μνησικακεῖν
2113 3965 2281 4053 πρὸς
2327 3964 2716 4051 ἀλλήλουςκ,
2768 3969 2943 4031 idem

345 4077 433 4140 ΠΙ
483 4080 616 4142 208,
661 4078 783 4163 »μὴ
825 4092 1306 4165 μνησικακεῑνι,
1356 4080 1709 4162 Dionysius
1754 4100 1889 4161 arg.
1939 4081 2039 4143 ad.
2088 4080 2242 4162 LyS.
2291 4100 2386 4146 or.
2419 4079 2741 4143 XXXIV:
2790 4103 2950 4165 ,ιμηῆ

345 4185 531 4262 δενὸς
574 4194 714 4251 τῶν
758 4190 1203 4275 γεγενημένων
1244 4202 1727 4275 μνησικακεῑνι,
1776 4190 2157 4253 scholiastes
2206 4191 2380 4270 prior
2419 4190 2516 4270 ad,
2537 4190 2730 4252 Arist.
2784 4190 2942 4253 Plut.

356 4315 379 4359 1
402 4299 560 4374 146:
613 4301 1067 4383 »ψηφίσασθαι
1091 4297 1265 4383 ἔδοξε
1307 4299 1396 4385 μὴ
1424 4304 1935 4387 μνησικακῆσαι(
1969 4310 2036 4363 et
2067 4301 2226 4364 alter
2255 4301 2339 4363 ad
2373 4301 2651 4363 eundem
2683 4300 2940 4368 locum:

354 4407 697 4492 »ψήφισμα
740 4404 975 4475 ἔθεντο
1019 4407 1346 4494 ἀλλήλους
1374 4409 1490 4494 μὴ.
1519 4424 2003 4496 μνησικακεῑνι,
2056 4409 2318 4474 Cassius
2368 4410 2499 4473 Dio
2566 4410 2776 4474 XLIV
2827 4413 2944 4477 26:

354 4516 551 4601 »μήτε
579 4520 1078 4604 μνησικακήσειν
1119 4522 1312 4585 τινίι.
1366 4520 1528 4584 Aliis
1562 4523 1761 4596 etiarm
1795 4523 1971 4597 locis,
2000 4522 2236 4603 quibus
2276 4522 2593 4602 amnestia
2617 4531 2948 4603 spectatur
