3459 5050
1606 336 1685 413 87

1439 426 1492 433 ..ψ
1509 426 1572 432 ..-...
1593 427 1612 432 .-
1683 427 1743 433 .00
1764 427 1863 434 ‚flu-0·-

350 536 571 599 atimia
620 548 847 602 notato
898 542 954 601 ei
1001 563 1127 605 non
1176 544 1366 607 licuit.
1465 547 1704 609 Tribus
1753 555 1970 608 autem
2021 546 2202 609 annis
2233 558 2401 628 post,
2453 556 2524 609 ut
2571 548 2709 629 ipse
2755 547 2782 609 1
2825 564 2938 625 132

350 648 519 722 dicit,
583 650 617 710 i.
672 671 724 712 e.
775 672 944 713 anno
1011 671 1154 733 399,
1221 656 1478 719 atimiac
1539 657 1873 737 neglectae
1933 667 2234 718 acusatus
2296 667 2409 719 est.
2530 656 2942 739 Quamquam

347 760 409 819 in
456 762 753 822 oratione
799 778 914 826 sua
961 765 1178 827 multis
1242 769 1638 848 argumentis
1697 767 1899 830 allatis
1960 767 2406 829 demonstrare
2469 775 2743 828 conatur
2798 788 2943 830 sese

347 870 570 933 atimia
616 892 971 954 numquam
1021 884 1315 938 notatum
1375 898 1533 950 esse,
1585 886 1804 965 tamen
1870 879 1953 958 ἕξ
2007 880 2265 957 73--80
2326 877 2630 949 ostendit,
2695 877 2945 940 etiamsi
3028 954 3031 957 Ι

349 982 575 1043 atimia
621 992 883 1046 notatus
931 995 1117 1059 esset,
1195 987 1572 1050 Patroclidis
1633 988 1797 1068 lege,
1851 1008 1981 1068 qua
2027 1006 2196 1048 anno
2240 1001 2364 1065 405
2434 1006 2660 1065 omnes
2724 987 2945 1048 atimia

347 1093 550 1153 notati
601 1093 664 1153 in
715 1094 1036 1175 integrum
1087 1098 1361 1160 restituti
1412 1108 1577 1172 sunt,
1628 1098 1794 1161 hanc
1843 1098 2131 1160 atimiam
2179 1098 2497 1160 sublatam
2548 1116 2688 1159 esse
2748 1107 2941 1179 atque

347 1203 585 1269 eodem
634 1205 833 1297 modo
880 1209 921 1285 ξ
972 1208 1187 1300 81--ἐ
1234 1226 1311 1287 91
1369 1209 1814 1271 demonstrare
1861 1210 1996 1271 vult
2042 1219 2311 1290 propter
2359 1208 2737 1270 amnestiam
2771 1228 2941 1269 anno

355 1330 480 1391 403
536 1315 862 1377 decretam
892 1338 963 1378 se
1011 1318 1342 1401 impunem
1390 1341 1551 1385 esse.
1616 1319 1814 1400 Quod
1862 1329 2316 1400 argumentum
2366 1325 2716 1390 accusator,
2764 1318 2942 1381 cuius

355 1425 560 1486 oratio
608 1435 862 1487 servata
910 1435 1025 1495 est,
1078 1432 1118 1509 ξ
1170 1430 1380 1512 37--ξ
1427 1447 1505 1507 41
1562 1431 1936 1510 praesumit,
1987 1451 2136 1492 cum
2185 1429 2339 1491 di'cit
2398 1428 2830 1490 Athenienses
2880 1429 2938 1488 in

356 1534 721 1600 foederibus
780 1538 964 1601 factis
1012 1524 1095 1602 de
1142 1542 1410 1603 absente
1456 1541 1801 1605 Andocide
1846 1561 1976 1601 non
2038 1541 2423 1620 cogitavisse
2472 1559 2681 1620 neque
2728 1558 2939 1601 amne·

359 1648 552 1709 stiam
600 1649 680 1710 ad
747 1670 896 1712 eum
944 1652 1297 1730 pertinere,
1378 1653 1554 1731 quod
1613 1662 2102 1731 argumentum,
2157 1671 2553 1733 quamquam
2629 1651 2814 1712 latius
2879 1659 2943 1711 et

352 1759 689 1820 dilucidius
739 1762 1199 1841 exponendum
1246 1760 1380 1834 fuit,
1428 1762 1620 1844 plane
1654 1772 1826 1824 recte
1856 1778 1926 1823 se
1961 1762 2176 1834 habet,
2235 1781 2386 1823 nam
2419 1769 2592 1823 certe
2626 1760 2942 1821 amnestia

356 1870 506 1931 data
552 1890 692 1932 esse
739 1892 868 1932 non
916 1882 1154 1951 potest,
1204 1882 1470 1954 propter
1515 1892 1710 1952 quam
1752 1874 1979 1937 ,omnia
2021 1871 2303 1933 facinora
2336 1880 2482 1933 ante
2527 1889 2761 1931 annum
2807 1886 2933 1948 403

353 1981 698 2042 commissa
760 1982 1064 2044 oblivioni
1129 1983 1449 2054 darentur,
1523 1983 1639 2045 sed
1700 1983 1782 2044 ad
1853 2003 1929 2043 ea
2007 1991 2256 2044 tantum
2321 1981 2704 2060 pertinebat,
2771 2000 2939 2060 quae

352 2089 688 2152 anarchiae
732 2102 1028 2172 tempore
1070 2092 1239 2154 facta
1273 2101 1468 2154 erant.
1519 2146 1528 2153 .
1566 2093 1712 2172 Qua
1761 2095 1842 2154 de
1881 2114 2073 2154 causa
2120 2090 2515 2163 Andocides,
2567 2090 2718 2168 quia
2776 2090 2938 2150 inter

347 2200 779 2263 Athenienses
856 2204 1260 2284 paciscentes
1343 2211 1409 2263 et
1479 2204 1859 2264 amnestiam
1928 2204 2295 2265 sancientes
2356 2222 2485 2263 non
2549 2199 2789 2273 fuerat,
2876 2221 2936 2261 a·

346 2312 658 2372 mnestiae
712 2313 1036 2394 particeps
1096 2333 1225 2374 non
1291 2323 1443 2384 erat,
1512 2334 1721 2394 neque
1778 2312 1939 2375 haec
2006 2334 2199 2375 causa
2258 2321 2482 2374 contra
2552 2310 2934 2372 amnestiam

348 2421 637 2483 instituta
700 2433 813 2484 est.
912 2423 1222 2485 Attamen
1293 2424 1572 2504 impunis
1636 2432 1804 2494 erat,
1865 2425 2016 2505 quia
2062 2422 2436 2485 Patroclidis
2503 2421 2648 2502 lege
2711 2420 2935 2482 atimia

345 2531 598 2594 sublata
621 2544 776 2607 erat,
799 2535 915 2596 nisi
936 2532 1098 2595 forte
1137 2555 1233 2607 e0‚
1264 2538 1439 2614 quod
1468 2523 1765 2598 Athenas
1799 2556 1928 2597 non
1963 2543 2331 2607 reverterat,
2358 2535 2441 2596 ab
2466 2533 2655 2595 huius
2674 2552 2933 2613 quoque

349 2643 513 2723 legis
560 2645 876 2707 beneficio
924 2666 993 2707 se
1040 2647 1178 2727 ipse
1226 2645 1603 2709 excluserat.
1700 2646 1952 2727 Quodsi
1993 2654 2248 2708 constat
2300 2663 2449 2705 eum
2509 2641 2630 2704 hac
2678 2662 2931 2704 accusa-

345 2754 523 2816 tione
572 2755 908 2818 liberatam
969 2777 1126 2828 esse,
1192 2777 1351 2818 cave
1412 2778 1531 2837 pro
1594 2768 1772 2820 certo
1835 2778 1917 2819 ex
1978 2777 2056 2819 eo
2120 2755 2383 2835 colligas
2430 2761 2699 2834 propter
2761 2762 2933 2813 certa

346 2866 481 2926 iura
528 2876 594 2926 et
640 2866 817 2944 leges
868 2886 1016 2928 eum
1063 2867 1466 2929 liberandum
1513 2868 1724 2931 fuisse.

561 2978 902 3058 Reliquum
953 2988 1066 3050 est,
1119 2988 1189 3039 ut
1234 2978 1600 3060 complures
1647 2983 1979 3058 utriusque
2027 2978 2337 3039 orationis
2400 2975 2578 3037 locos
2634 2974 2931 3054 interpre-

340 3096 568 3149 temur.
668 3087 1030 3149 Accusator
1075 3087 1356 3169 loquitur
1402 3091 1483 3149 de
1531 3092 1849 3150 amnestia
1896 3090 1956 3150 in
1991 3091 2073 3168 ἐξ
2111 3102 2390 3167 37--41,
2428 3071 2641 3168 quam
2673 3084 2933 3165 saepius

341 3206 538 3258 vocat
573 3197 927 3280 συνθήκας,
977 3219 1144 3279 quae
1179 3219 1328 3271 vox,
1364 3218 1568 3278 aeque
1601 3210 1797 3282 atque
1830 3200 1890 3260 in
1926 3202 1965 3277 ξ
1996 3213 2075 3275 41
2116 3199 2385 3260 verbum
2417 3194 2501 3260 τὰ
2534 3194 2930 3276 συγκείμενα,

335 3307 531 3368 etiam
576 3306 678 3368 hic
726 3308 814 3369 ita
859 3308 1151 3370 adhibita
1201 3320 1313 3383 est,
1367 3320 1436 3370 ut
1484 3328 1709 3371 omnes
1772 3308 2184 3371 condiciones
2246 3307 2448 3370 factas
2513 3304 2931 3384 comprehen-

342 3420 495 3481 dere
541 3420 851 3491 videatur,
906 3431 969 3482 et
1033 3430 1102 3482 ut
1165 3422 1223 3481 in
1287 3425 1326 3502 ξ
1394 3424 1472 3500 38
1547 3441 1677 3482 non
1738 3421 1946 3482 solum
2006 3439 2138 3492 eae,
2212 3438 2374 3499 quas
2434 3416 2707 3479 civitatis
2766 3416 2934 3476 duae

342 3528 656 3591 factiones
723 3530 886 3591 inter
945 3552 1012 3593 se
1077 3530 1382 3604 fecerunt,
1447 3541 1837 3613 spectentur,
1900 3531 2014 3591 sed
2071 3529 2230 3591 haec
2294 3549 2419 3590 una
2477 3547 2607 3588 vox
2665 3527 2726 3586 in
2773 3524 2932 3585 duas

343 3649 562 3721 partes
591 3641 930 3714 dividatur,
962 3642 1044 3702 de
1072 3642 1305 3721 quibus
1329 3662 1523 3722 supra
1550 3644 1617 3723 (ξ
1647 3643 1705 3723 7)
1741 3640 2178 3702 disseruimus:
2222 3645 2396 3702 »τῶν
2428 3639 2799 3718 συνθηκῶν.
2829 3683 2840 3694 .
2871 3681 2882 3694 .
2913 3685 2925 3697 .

335 3741 484 3813 οὔτε
546 3759 682 3814 τῶν
763 3748 927 3833 πρὸς
990 3752 1553 3834 Λακεδαιμονίους,
1601 3745 1679 3825 ἃς
1725 3746 1901 3834 ὑμεῖς
1978 3749 2341 3813 συνέθεσθε
2401 3744 2552 3811 οὔτε
2614 3735 2710 3808 ὧν
2766 3741 2933 3825 πρὸς

333 3859 491 3935 τούς
544 3859 614 3925 ἐν
661 3865 760 3945 τῷ
824 3855 1002 3926 ἄστει
1062 3860 1120 3927 οἱ
1175 3861 1247 3926 ἐκ
1306 3864 1685 3945 Πειραιῶς(
1801 3861 2017 3942 Quam
2076 3859 2163 3921 ob
2221 3879 2351 3920 rem
2402 3859 2600 3920 etiam
2662 3853 2933 3915 verbum

341 3971 810 4055 ὀιηλλάγημενα
869 3973 927 4034 in
978 3975 1017 4053 ξ
1066 3991 1149 4052 39
1222 3974 1304 4033 de
1363 3982 1503 4034 tota
1573 3971 2091 4033 reconciliatione
2155 3969 2468 4031 amnestia
2532 3968 2791 4028 decreta
2850 3963 2932 4024 ad

338 4059 535 4143 finem
571 4083 882 4164 perducta
915 4083 1420 4163 intellegendum
1453 4093 1568 4148 est,
1607 4081 1843 4154 Semel,
1880 4084 1920 4161 ᾧ
1965 4098 2064 4160 39,
2099 4079 2292 4163 pleno
2325 4079 2586 4140 nomine
2619 4073 2932 4138 amnestia

347 4191 672 4274 appellata
720 4202 848 4259 est:
907 4191 1381 4282 ›ociavz’195xat
1424 4191 1725 4278 ἐγένοντο
1770 4195 1875 4259 καὶ
1924 4191 1982 4256 οἱ
2043 4186 2286 4275 ὅρκοισι.
2380 4189 2515 4250 Iam
2563 4186 2933 4266 relinquitur

335 4322 501 4363 unus
549 4299 746 4375 locus‘,
802 4305 902 4364 cui
953 4303 1226 4367 Grosser
1257 4307 1611 4367 maximam
1660 4305 2116 4367 auctoritatem
2165 4301 2406 4373 tribuit,
2443 4301 2484 4379 ἓ
2515 4311 2621 4376 45.
2711 4294 2928 4375 Quon-

333 4413 460 4472 iam
512 4412 646 4471 eius
697 4415 1019 4475 sententia
1074 4412 1592 4500 »αἴσυνθῆκαια
1646 4415 2061 4478 condiciones
2108 4420 2254 4473 sunt
2287 4408 2617 4472 Pausiania
2665 4416 2927 4467 auctore

336 4522 501 4584 inter
550 4521 802 4583 exsules
879 4533 943 4584 et
1014 4524 1295 4586 urbanos
1342 4527 1765 4607 compositae,
1841 4521 1936 4587 »οἱ
1997 4517 2216 4607 ὅρκοι(
2297 4518 2711 4580 iusurandum
2785 4515 2927 4607 ipso
