3459 5050
1570 311 1651 377 59

291 501 389 573 ὧν
435 509 775 596 ἤδίκηυτο<<
832 520 951 574 ete.
1047 510 1103 571 E
1167 510 1398 592 quibus
1443 509 1717 574 Grosser
1778 513 2061 594 primum
2123 512 2450 575 concludit
2507 512 2893 576 amnestiam

290 622 665 703 pactionem
713 621 925 694 fuisse,
978 621 1153 705 quod
1202 621 1412 701 magis
1458 621 1667 684 facere
1712 643 1830 706 pro
1880 642 2025 684 mea
2073 641 2268 701 quam
2299 642 2420 705 pro
2452 622 2591 687 eius
2638 631 2889 685 senten·

292 732 380 794 tia
429 753 511 794 ex
558 734 666 805 eis,
717 753 886 815 quae
932 751 1125 811 supra
1174 730 1237 811 (ξ
1287 746 1321 811 7
1372 741 1439 793 et
1486 734 1764 816 saepius)
1813 733 2022 810 docui,
2083 731 2519 799 manifestum=
2556 741 2676 807 est,
2743 731 2895 795 alte·

291 861 434 904 rum
504 843 631 904 hac
699 841 1017 904 amnestia
1085 841 1346 902 decreta
1414 843 1745 906 civitatem
1815 853 2238 923 tyrannorum
2313 840 2759 905 dominatione
2829 851 2895 905 et

291 952 561 1015 discidio
609 952 948 1017 liberatam
995 971 1155 1022 esse,
1202 930 1275 1009 id'
1315 948 1493 1029 quod
1540 948 1621 1010 de
1666 950 1984 1012 amnestia
2033 970 2163 1013 non
2226 952 2443 1014 statim
2513 961 2664 1034 post
2711 972 2894 1014 exsu-

289 1062 423 1124 lum
470 1062 748 1125 reditum
795 1062 1057 1124 decreta
1102 1079 1233 1121 non
1281 1059 1492 1121 minus
1539 1059 1664 1120 dici
1712 1059 1926 1140 potuit
1957 1080 2153 1141 quam
2185 1061 2267 1124 de
2303 1060 2599 1124 Grosseri
2645 1062 2878 1144 priore.

290 1173 462 1252 Quia
506 1172 609 1233 hic
654 1171 832 1233 locus
877 1172 1148 1234 haustus
1196 1189 1337 1231 esse
1396 1169 1654 1237 videtur
1697 1190 1782 1259 ex
1827 1170 2140 1244 oratione,
2193 1190 2322 1254 qua
2369 1169 2595 1234 Cicero
2642 1171 2891 1235 civibus

290 1279 421 1343 suis
474 1278 855 1339 amnestiam
927 1278 1425 1351 commendavit,
1493 1278 1675 1341 facile
1734 1288 1832 1342 est
1895 1281 2183 1360 cognitu,
2248 1299 2361 1342 cur
2421 1281 2777 1376 amnestiae
2827 1282 2893 1343 id

290 1388 629 1460 tribuatur,
683 1387 870 1471 quod
909 1407 1215 1468 magnam
1259 1397 1513 1470 partem
1560 1399 1754 1451 antea
1817 1390 1943 1451 iam
2008 1399 2145 1452 erat
2204 1389 2464 1453 factum.
2564 1389 2894 1472 Apertum

290 1506 388 1559 est
450 1497 830 1560 Ciceronem
879 1497 1375 1560 Atheniensium
1440 1519 1541 1560 res
1602 1499 1684 1560 ad
1746 1519 1897 1562 suas
1941 1500 2463 1563 accommodare.
2558 1499 2890 1580 Quoniam

289 1608 355 1668 id
402 1609 552 1688 agit,
606 1616 676 1669 ut
723 1608 1027 1670 ostendat
1073 1599 1570 1676 Atheniensium
1632 1609 1964 1671 civitatem
2010 1609 2399 1674 factionibus
2447 1611 2761 1691 agitatam
2821 1631 2879 1672 a·

289 1719 563 1780 mnestia
595 1718 856 1780 decreta
889 1716 1138 1780 felicem
1183 1728 1249 1781 et
1296 1729 1636 1801 potentem
1683 1720 1924 1783 factam
1971 1742 2132 1795 esse,
2183 1719 2374 1803 plane
2423 1720 2713 1801 neglegit
2758 1719 2883 1784 bel-

288 1827 420 1890 lum
480 1828 775 1890 exsulum
837 1838 1063 1891 contra
1125 1830 1404 1911 patriam
1451 1839 1734 1912 gestum,
1782 1851 2018 1913 pacem
2068 1832 2234 1892 inter
2278 1829 2627 1913 populares
2676 1838 2741 1891 et
2787 1848 2879 1894 ur·

286 1939 495 2000 banos
528 1939 982 2019 compositam,
1032 1939 1258 2022 populi
1306 1940 1604 2013 reditum,
1654 1941 2144 2020 expeditionem
2176 1938 2594 2012 Eleusiniam,
2646 1947 2712 2001 et
2757 1938 2884 2001 hoc

287 2067 485 2109 unum
516 2049 847 2129 praedicat
878 2050 1194 2111 amnestia
1241 2070 1355 2111 eos
1390 2050 1573 2112 malis
1621 2050 1926 2114 liberatos
1975 2072 2133 2114 esse.
2231 2049 2429 2130 Quod
2475 2049 2528 2111 si
2575 2048 2715 2111 eius
2747 2057 2882 2111 erat

288 2157 641 2235 consilium,
692 2179 821 2220 non
872 2168 986 2233 est,
1039 2179 1152 2221 cur
1198 2180 1514 2240 negemus
1560 2180 1707 2222 eum
1757 2160 2059 2223 omnibus
2104 2160 2335 2223 ceteris
2391 2155 2583 2220 rebus
2631 2158 2881 2238 neglec-

287 2269 369 2330 tis
415 2289 561 2330 eam
611 2271 1018 2344 amnestiam,
1070 2290 1268 2352 quam
1314 2291 1509 2332 unam
1554 2292 1695 2333 esse
1758 2271 1889 2333 iam
1948 2277 2222 2342 constat,
2270 2268 2368 2329 his
2430 2267 2644 2335 verbis
2704 2287 2882 2331 mon·

289 2388 509 2457 strare.
609 2379 758 2442 Hoc
806 2380 1075 2442 consilio
1122 2381 1320 2442 etiam
1368 2380 1583 2442 dicere
1630 2380 1844 2463 potuit
1903 2379 2023 2442 hac
2079 2379 2397 2441 amnestia
2443 2376 2884 2441 Athenienses

290 2509 327 2551 a
375 2489 660 2570 tyrannis
694 2499 757 2553 et
803 2490 1140 2553 discordiis
1172 2490 1478 2557 liberatos
1523 2509 1667 2553 esse
1699 2499 1766 2552 et
1801 2489 2077 2572 patriam
2111 2486 2608 2571 recuperavisse.
2663 2486 2882 2568 Quod·

286 2600 340 2661 si
387 2602 586 2662 verba
658 2600 907 2680 singula
974 2621 1204 2681 urgere
1268 2600 1424 2674 vult,
1496 2601 1692 2662 etiam
1741 2599 2057 2662 Grossero
2128 2617 2406 2678 magnae
2472 2596 2885 2661 difficultates

286 2730 355 2771 se
387 2711 723 2792 praebent,
780 2731 993 2793 neque
1043 2712 1214 2773 enim
1261 2711 1398 2791 ipse
1438 2711 1997 2772 demonstraturus
2027 2717 2127 2770 est
2156 2710 2490 2782 amnestia,
2541 2727 2738 2791 quam
2771 2706 2884 2769 fin·

281 2821 378 2882 xit
425 2820 725 2902 priorem,
781 2820 1214 2883 Athenienses
1261 2820 1540 2902 patriam
1601 2820 2083 2900 recuperavisse
2128 2828 2192 2881 et
2237 2839 2277 2881 a
2324 2818 2612 2898 tyrannis
2658 2817 2881 2879 libera-

285 2940 389 2994 tos
453 2950 612 3003 esse,
683 2951 960 3013 quorum
1024 2931 1294 2993 alterurn
1360 2951 1520 3012 pace
1580 2930 1820 2992 factum
1881 2937 2033 3001 erat,
2095 2927 2368 2991 alterum
2415 2927 2621 2989 multo
2668 2934 2881 2993 antea.

285 3041 541 3102 Deinde
600 3041 898 3114 demum,
961 3062 1111 3104 cum
1168 3042 1454 3121 singulas
1516 3039 1832 3102 factiones
1891 3037 2200 3122 appellari
2257 3046 2591 3121 oporteat,
2656 3033 2883 3098 Cicero

285 3149 572 3232 loquitur
620 3150 701 3219 de
748 3153 855 3224 εἰς,
907 3152 1015 3233 qui
1066 3172 1101 3212 e
1145 3152 1407 3213 Piraeeo
1453 3150 1851 3222 reverterint,
1903 3157 1968 3211 et
2016 3147 2098 3209 de
2132 3147 2410 3220 urbanis,
2444 3148 2559 3209 sed
2612 3156 2887 3221 non,.ut

285 3282 386 3322 res
455 3270 667 3324 narret
730 3271 881 3324 ante
949 3262 1331 3324 amnestiam
1399 3260 1618 3322 factas
1716 3258 1987 3321 Grosser
2051 3266 2268 3319 autem
2328 3258 2588 3328 tertium
2649 3277 2731 3318 ex
2777 3257 2879 3319 his

284 3372 500 3433 verbis
568 3371 812 3452 colligit
878 3371 1119 3452 Phylen
1188 3379 1447 3454 captam
1519 3380 1584 3432 et
1650 3369 1942 3431 exsulum
2011 3369 2289 3431 reditum
2353 3388 2501 3430 cum
2566 3367 2882 3430 amnestia

284 3481 615 3561 coniungi,
677 3483 856 3563 quod
913 3463 1140 3564 neque*
1188 3490 1362 3544 recte
1422 3481 1670 3553 dicitur,
1743 3500 1956 3563 neque
2022 3478 2104 3541 de
2161 3477 2513 3540 amnestiae
2583 3485 2885 3558 tempore

286 3591 643 3673 quidquam
711 3592 860 3654 inde
933 3592 1362 3671 cognoscitur.
1474 3591 1645 3652 Nam
1712 3589 2055 3671 expeditio
2093 3587 2421 3654 Eleusinia
2482 3606 2612 3649 non
2673 3586 2886 3648 solum

287 3701 502 3763 omitti
565 3703 798 3782 potuit,
861 3702 1029 3782 quia,
1094 3710 1163 3764 ut
1221 3702 1359 3783 ipse
1395 3699 1698 3766 ¹Grosser
1756 3700 1935 3761 addit
1994 3718 2125 3761 non
2171 3696 2457 3759 sentiens
2523 3716 2594 3758 se
2663 3704 2890 3758 contra

286 3832 478 3873 suam
524 3813 723 3894 ipsius
771 3812 1145 3893 opinionem
1194 3819 1655 3890 argumentum
1704 3807 2010 3890 proferre,
2083 3805 2657 3869 ›nebensachliche
2732 3814 2886 3878 erat,

285 3921 407 3983 sed
454 3922 672 4005 potius
721 3922 1079 3984 omittenda
1111 3929 1267 3995 erat,
1304 3920 1458 4001 quia
1489 3919 1552 3981 in
1586 3920 1858 3980 duarum
1946 3917 2303 3981 factionum
2351 3914 2721 3979 nominibus
2754 3914 2890 3976 eius

287 4032 605 4095 mentioni
650 4051 780 4093 non
828 4041 966 4094 erat
1007 4031 1213 4097 locus,

509 4142 543 4224 ξ
594 4157 693 4217 24.
788 4142 1143 4224 Postquam
1210 4140 1302 4200 sic
1351 4138 1872 4201 demonstratum
1937 4145 2036 4200 est
2093 4156 2189 4210 ea,
2256 4156 2424 4221 quae
2486 4135 2570 4199 de
2633 4134 2889 4197 duabus

290 4251 624 4313 amnestiis
668 4251 1043 4323 doceantur,
1089 4248 1275 4311 nullis
1322 4248 1740 4327 argumentis,
1823 4255 2271 4330 quotcumque
2320 4244 2531 4308 adhuc
2586 4243 2891 4325 cognovi-

291 4380 460 4433 muS,
514 4380 660 4421 cum
709 4380 915 4441 pauca
960 4367 1204 4421 restent
1250 4359 1313 4420 in
1356 4358 1659 4439 proximo
1709 4358 1927 4438 capite
1975 4356 2315 4419 tractanda
2363 4353 2896 4419 exorationibus

289 4469 732 4551 compluribus
779 4471 999 4551 petita,
1050 4468 1371 4542 affirmari,
1424 4487 1635 4550 neque
1684 4465 1882 4528 ullum
1929 4466 2202 4547 duplicis
2236 4464 2595 4528 amnestiae
2628 4464 2895 4550 signum
