3459 5050
1619 300 1693 367 75

368 523 539 585 quae
584 511 969 585 sequuntur:
1025 511 1185 566 »νῦν
1230 501 1296 567 δὲ
1340 503 1670 585 νομίζουσι
1718 501 1843 586 τὴν
1870 501 2054 585 πρὸς
2112 499 2399 576 ἐκείνους
2460 498 2663 585 ὀργὴν
2725 498 2959 584 ἱκανὴν

365 608 528 679 εἶναι
574 614 683 677 καὶ
727 611 884 688 τοὺς
918 612 1121 697 μηδὲν
1165 611 1373 676 κακὸν
1418 611 1873 695 εἰργασμένους
1920 608 2294 685 ἀπολέσαιι,
2343 631 2493 674 nam
2541 612 2700 673 haec
2753 612 2955 675 verba

365 725 598 787 eodem
649 724 847 785 modo
894 722 1327 804 intellegenda
1386 733 1566 789 sunt:
1636 743 1804 785 nunc
1867 732 2083 784 autem
2147 722 2264 784 illis
2324 721 2505 783 irasci
2565 721 2661 783 eis
2724 720 2960 784 sufficit

365 856 575 917 neque
602 854 716 897 eos
743 843 1069 906 accusant,
1105 843 1411 896 accusant
1434 834 1840 909 innocentes;
1870 854 2087 914 neque.
2106 843 2222 907 est,
2256 833 2431 914 quod
2471 852 2618 894 cum
2644 829 2957 895 Grossero

366 966 451 1009 ex
480 947 574 1009 eis
612 944 989 1026 colligamus
1019 944 1456 1007 Athenienses
1485 953 1622 1005 tum
1650 944 1732 1006 de
1763 943 2224 1024 tringintaviris
2255 943 2634 1005 ulciscendis
2667 943 2959 1024 cogitare

366 1057 676 1139 coepisse.
788 1052 981 1117 Falso
1048 1064 1268 1117 autem
1330 1054 1698 1118 Stutzerum
1759 1051 2076 1117 Grossero
2138 1053 2543 1136 opposuisse⁴
2609 1053 2810 1116 etiam
2877 1054 2957 1117 de

362 1167 779 1248 trigintaviris
858 1164 1207 1230 interfectis
1276 1167 1474 1228 verba
1544 1164 1703 1249 »τὴν
1773 1164 1939 1249 πρὸς
2019 1163 2305 1238 ἐκείνους
2366 1159 2604 1246 ὀργὴν(
2677 1163 2958 1246 intellegi

367 1298 562 1360 posse
607 1277 764 1339 satis
812 1275 1020 1338 elucet
1051 1296 1134 1336 ex
1165 1294 1293 1338 uno
1337 1276 1539 1339 verbo
1592 1272 1925 1360 »ἱκανὴνι,
1977 1294 2129 1338 nam
2163 1282 2379 1337 orator
2419 1273 2743 1362 vituperat
2775 1294 2956 1339 accu-

365 1397 631 1461 satores,
681 1386 859 1468 quod
906 1385 1044 1448 sola
1087 1386 1178 1448 ira
1221 1387 1313 1448 eis
1356 1384 1645 1459 sufficiat,
1695 1386 2006 1467 quidnam
2054 1407 2211 1448 vero
2243 1384 2415 1447 aliud
2465 1384 2758 1465 tyrannis
2793 1405 2956 1447 mor-

364 1498 493 1595 tuis
540 1496 674 1560 fieri
721 1495 971 1579 potuit?
1017 1496 1303 1559 Eosdem
1339 1505 1558 1559 autem
1593 1497 1945 1578 optimates
1976 1497 2384 1559 nocentiores
2434 1503 2687 1576 spectat
2741 1504 2958 1559 orator
3018 1514 3021 1517 ’

365 1613 407 1690 ξ
465 1613 539 1673 18
600 1609 846 1675 verbis:
912 1605 1096 1691 »ἐξὸν
1154 1603 1527 1692 ὀργίζεσθαι
1587 1619 1724 1681 τοῖς
1786 1605 1876 1682 εἰς
1935 1605 2015 1670 τὸ
2067 1608 2332 1689 πλῆθος
2378 1602 2952 1689 ἐξημαρτηκόσινι,

364 1740 515 1782 cum
560 1720 593 1802 ἓ
651 1719 727 1781 16
772 1719 1006 1793 verba:
1060 1730 1233 1792 »τοῖς
1262 1722 1399 1780 τῶν
1455 1716 1902 1801 γεγενημένων
1944 1723 2170 1780 κακῶν
2218 1714 2447 1790 αἰτίοις
2478 1711 2854 1799 ὀργίζεσθε(
2893 1717 2956 1779 in

367 1831 736 1895 universum
784 1830 957 1893 dicta
1003 1829 1131 1890 sint
1177 1829 1260 1891 de
1308 1828 1614 1889 omnibus
1643 1827 2018 1889 hominibus
2077 1826 2481 1899 nocentibuS,
2533 1826 2846 1908 imprimis
2874 1828 2956 1890 de

370 1940 800 2020 trigintaviriS.

580 2050 834 2111 Deinde
882 2045 1201 2111 Grossero
1247 2049 1612 2130 complures
1656 2047 1844 2111 huius
1890 2049 2201 2111 orationis
2248 2048 2370 2111 loci
2419 2047 2696 2110 indicare
2733 2048 2946 2110 viden-

367 2170 468 2223 tur
514 2160 878 2242 nuperrime
923 2158 1271 2241 populares
1315 2160 1380 2221 in
1429 2160 1654 2221 urbem
1719 2159 1981 2230 redisse,
2032 2179 2095 2240 p.
2152 2174 2310 2224 201:
2388 2157 2724 2238 ›dagegen
2785 2157 2958 2221 steht

364 2271 468 2334 die
517 2268 872 2332 Heimkehr
918 2269 1034 2331 der
1081 2268 1522 2331 Demokraten
1581 2270 1668 2329 im
1714 2268 2115 2333 ·frischesten
2174 2267 2574 2332 Andenken:
2638 2267 2672 2349 ἓ
2720 2285 2780 2346 9,
2849 2284 2950 2340 20,

361 2397 464 2453 22,
518 2396 601 2459 29
643 2376 1147 2452 κατελθόντεςε.
1228 2378 1411 2459 Quot
1456 2379 1671 2452 verba,
1720 2388 1821 2440 tot
1867 2398 2136 2451 erroreS,
2191 2396 2589 2459 quamquam
2640 2375 2951 2439 nihilomi-

367 2512 486 2554 nus
536 2489 792 2553 Stutzer
838 2488 1005 2551 hanc
1051 2489 1442 2553 sententiam
1489 2509 1708 2551 veram
1778 2488 1997 2556 habet.
2090 2490 2305 2553 Etiam
2367 2486 2597 2550 horum
2657 2486 2953 2551 locorum

369 2602 645 2673 duobu5‚
682 2602 723 2679 ἓ
757 2617 840 2664 2ο
889 2610 954 2661 et
987 2616 1089 2678 29,
1139 2600 1548 2682 participium
1594 2597 2036 2673 κατελθόντες
2077 2600 2354 2662 occurrit
2385 2608 2450 2661 et
2484 2599 2700 2661 denuo
2747 2598 2951 2660 virum

370 2713 636 2775 doctum
683 2712 745 2772 in
790 2729 1076 2772 errorem
1109 2710 1375 2772 induxit.
1476 2710 1929 2792 Atheni—enses,
1977 2710 2128 2791 quia
2167 2708 2684 2783 »xatefflo'vtsge
2722 2726 2950 2788 vocen-

365 2832 485 2896 tur,
535 2822 904 2903 nuperrime
936 2820 1177 2883 redisse
1224 2824 1512 2904 oportet!
1565 2818 1696 2883 Sed
1745 2840 2064 2901 quaenam
2109 2818 2233 2883 alia
2276 2840 2408 2881 vox
2451 2819 2592 2881 voci
2648 2818 2950 2901 »φεύγομ

364 2954 512 3007 τες(
568 2941 847 3012 utroque
893 2932 1038 2993 loco
1087 2932 1333 3012 opponi
1378 2932 1609 3014 potuit,
1662 2932 1910 2993 etiamsi
1960 2931 2066 2993 diu
2115 2938 2268 3013 post
2313 2914 2608 2991 exsulum
2676 2930 2947 2992 reditum

366 3043 574 3106 oratio
618 3041 840 3104 habita
886 3040 1094 3103 esset?
1142 3039 1235 3103 Cf.
1289 3042 1480 3107 Isocr.
1529 3042 1684 3105 XVI
1730 3058 1814 3120 42
1879 3050 1943 3105 et
1986 3041 2136 3121 LyS.
2184 3040 2395 3103 XVIII
2443 3058 2504 3119 9.
2592 3041 2650 3103 E
2693 3044 2733 3121 ξ
2780 3057 2821 3120 9
2869 3061 2950 3103 ne

364 3154 429 3215 id
477 3153 741 3235 quidem
791 3152 1123 3214 diiudicari
1171 3162 1409 3234 potest,
1455 3160 1675 3238 *utrum
1725 3152 1965 3215 factum
2010 3153 2096 3214 sit
2163 3152 2453 3234 propiuS,
2523 3152 2948 3234 quadringen-

362 3273 579 3326 torum
617 3263 975 3325 dominatio
1025 3264 1225 3345 (anno
1256 3280 1378 3340 411
1410 3264 1453 3345 ἔ)
1498 3283 1581 3324 an
1626 3263 1918 3325 exsulum
1967 3264 2208 3326 reditus
2255 3265 2450 3345 (anno
2483 3279 2607 3341 403
2633 3262 2697 3343 l).
2792 3264 2832 3341 ξ
2867 3277 2948 3322 22

360 3384 585 3437 autem
636 3373 973 3436 falsissime
1015 3372 1204 3436 allata
1233 3383 1349 3447 est,
1387 3394 1535 3437 nam
1584 3374 1704 3436 hac
1737 3383 1876 3437 tota
1909 3373 2316 3456 paragrapho
2350 3373 2590 3436 reditus
2637 3374 2774 3455 ipse
2822 3393 2951 3435 non

364 3493 933 3557 commemoratur,
981 3485 1096 3545 sed
1144 3493 1368 3546 orator
1411 3485 1693 3566 loquitur
1739 3486 1820 3548 de
1855 3486 2047 3547 rebus
2093 3505 2172 3547 eo
2204 3494 2501 3565 tempore
2549 3484 2766 3565 gestiS,
2818 3503 2949 3564 quo

362 3595 786 3676 tringintaviri
834 3594 1124 3656 nondum
1170 3594 1474 3657 Eleusina
1522 3596 1970 3676 migraverant,
2007 3613 2168 3676 quas
2213 3595 2447 3659 eodem
2493 3594 2639 3656 loco
2684 3593 2950 3656 laudato

361 3708 675 3770 Blassium
720 3706 757 3767 l.
809 3706 845 3771 l.
893 3706 922 3767 I
972 3719 1094 3784 509
1140 3714 1398 3768 secutus
1447 3706 1829 3767 remotiores
1876 3706 2076 3767 videri
2126 3707 2352 3769 docet:
2406 3704 2546 3767 »die
2579 3704 2952 3785 Ereignisse

365 3826 552 3880 unter
598 3817 723 3880 den
770 3815 1062 3896 Dreissig
1107 3815 1283 3878 nicht
1328 3815 1512 3877 mehr
1560 3817 1674 3877 der
1721 3816 2221 3878 unmittelbaren
2264 3814 2797 3895 Vergangenheit
2843 3820 2946 3876 anss

336 3926 696 4007 gehorten.
790 3924 1139 3996 Naturlich‚
1206 3923 1345 3986 weil
1408 3925 1511 3986 die
1571 3925 1865 4004 Dreissig
1926 3925 2131 3987 sehon
2196 3924 2417 4005 langer
2478 3930 2763 4005 gestiirzt
2818 3925 2951 3985 und

360 4037 567 4099 sehon
614 4036 920 4099 wahrend
968 4037 1083 4097 des
1130 4034 1597 4115 Biirgerkriegs
1648 4035 1711 4096 in
1758 4035 2012 4097 Eleusis
2075 4056 2351 4101 waren«.
2446 4034 2699 4114 Quodsi
2763 4055 2950 4114 quae-

363 4148 578 4219 rimuS,
626 4148 966 4228 quomodo
1013 4146 1097 4207 ad
1143 4155 1396 4208 tantum
1445 4165 1729 4207 errorem
1775 4154 2111 4226 permotus
2158 4147 2257 4217 sit,
2304 4145 2592 4233 nonmalia
2638 4146 2954 4208 invenitur

361 4277 577 4331 causa,
630 4275 825 4338 quam
874 4256 1024 4337 quia
1065 4255 1166 4317 bis
1211 4255 1334 4317 hac
1377 4255 1791 4338 paragrapho
1841 4256 2115 4318 occurrit
2161 4257 2433 4319 verbum
2481 4256 2788 4330 κατιέναι,
2839 4256 2950 4317 sci·

361 4367 511 4429 licet
556 4367 639 4434 de
686 4375 983 4448 tempore
1030 4365 1248 4429 futuro
1294 4376 1693 4448 usurpatum.
